<?xml version="1.0" encoding="UTF-8"?>
<!DOCTYPE html PUBLIC "-//W3C//DTD XHTML 1.0 Transitional//EN"
    "http://www.w3.org/TR/xhtml1/DTD/xhtml1-transitional.dtd">
<html xmlns="http://www.w3.org/1999/xhtml" xml:lang="en" lang="en">
 <head>
  <title>
</title>
<meta http-equiv="Content-Type" content="text/html;charset=utf-8" />
  <meta name='ocr-system' content='tesseract 3.04.00' />
  <meta name='ocr-capabilities' content='ocr_page ocr_carea ocr_par ocr_line ocrx_word'/>
</head>
<body>
  <div class='ocr_page' id='page_1' title='image "./catalogusbiblio01szergoog_0019.png"; bbox 0 0 2412 4282; ppageno 0'>
   <div class='ocr_carea' id='block_1_1' title="bbox 169 281 860 392">
    <p class='ocr_par' dir='ltr' id='par_1_1' title="bbox 169 281 860 392">
     <span class='ocr_line' id='line_1_1' title="bbox 169 281 860 392; baseline 0.009 -34"><span class='ocrx_word' id='word_1_1' title='bbox 169 285 296 392; x_wconf 55' lang='lat' dir='ltr'>&#39;rtrv⁸</span> <span class='ocrx_word' id='word_1_2' title='bbox 473 281 860 368; x_wconf 83' lang='lat' dir='ltr'><strong>PRAEFATIO.</strong></span> 
     </span>
    </p>
   </div>
   <div class='ocr_carea' id='block_1_2' title="bbox 98 435 1198 3904">
    <p class='ocr_par' dir='ltr' id='par_1_2' title="bbox 98 435 1198 3338">
     <span class='ocr_line' id='line_1_2' title="bbox 189 435 1164 572; baseline 0.004 -18"><span class='ocrx_word' id='word_1_3' title='bbox 189 467 519 554; x_wconf 87' lang='lat' dir='ltr'>commendatione</span> <span class='ocrx_word' id='word_1_4' title='bbox 541 469 648 568; x_wconf 85' lang='lat' dir='ltr'><strong>libri,</strong></span> <span class='ocrx_word' id='word_1_5' title='bbox 675 475 803 556; x_wconf 90' lang='lat' dir='ltr'>abhoc</span> <span class='ocrx_word' id='word_1_6' title='bbox 821 473 886 551; x_wconf 91' lang='lat' dir='ltr'>vel</span> <span class='ocrx_word' id='word_1_7' title='bbox 909 435 982 552; x_wconf 83' lang='lat' dir='ltr'>alio</span> <span class='ocrx_word' id='word_1_8' title='bbox 1004 472 1164 572; x_wconf 82' lang='lat' dir='ltr'>prolata.</span> 
     </span>
     <span class='ocr_line' id='line_1_3' title="bbox 190 611 1153 703; baseline -0.007 0"><span class='ocrx_word' id='word_1_9' title='bbox 190 643 308 703; x_wconf 90' lang='lat' dir='ltr'>unum</span> <span class='ocrx_word' id='word_1_10' title='bbox 326 615 473 698; x_wconf 86' lang='lat' dir='ltr'>aliudve</span> <span class='ocrx_word' id='word_1_11' title='bbox 486 615 711 696; x_wconf 73' lang='lat' dir='ltr'>recentioris</span> <span class='ocrx_word' id='word_1_12' title='bbox 728 636 790 698; x_wconf 90' lang='lat' dir='ltr'>aut</span> <span class='ocrx_word' id='word_1_13' title='bbox 810 611 1070 698; x_wconf 81' lang='lat' dir='ltr'>antecedentis</span> <span class='ocrx_word' id='word_1_14' title='bbox 1089 643 1153 696; x_wconf 76' lang='lat' dir='ltr'>ae·</span> 
     </span>
     <span class='ocr_line' id='line_1_4' title="bbox 190 733 1155 848; baseline -0.005 0"><span class='ocrx_word' id='word_1_15' title='bbox 190 767 233 848; x_wconf 88' lang='lat' dir='ltr'>vi</span> <span class='ocrx_word' id='word_1_16' title='bbox 264 767 446 847; x_wconf 87' lang='lat' dir='ltr'>volumen</span> <span class='ocrx_word' id='word_1_17' title='bbox 469 761 554 841; x_wconf 89' lang='lat' dir='ltr'>suae</span> <span class='ocrx_word' id='word_1_18' title='bbox 579 733 797 842; x_wconf 82' lang='lat' dir='ltr'>collectioni</span> <span class='ocrx_word' id='word_1_19' title='bbox 827 763 987 845; x_wconf 88' lang='lat' dir='ltr'>inserat:</span> <span class='ocrx_word' id='word_1_20' title='bbox 1023 789 1155 846; x_wconf 89' lang='lat' dir='ltr'>nonne</span> 
     </span>
     <span class='ocr_line' id='line_1_5' title="bbox 193 905 1160 1010; baseline -0.007 -14"><span class='ocrx_word' id='word_1_21' title='bbox 193 931 398 996; x_wconf 87' lang='lat' dir='ltr'>centonem</span> <span class='ocrx_word' id='word_1_22' title='bbox 422 905 567 1006; x_wconf 90' lang='lat' dir='ltr'>potius,</span> <span class='ocrx_word' id='word_1_23' title='bbox 587 931 697 1009; x_wconf 82' lang='lat' dir='ltr'>quam</span> <span class='ocrx_word' id='word_1_24' title='bbox 715 907 977 991; x_wconf 83' lang='lat' dir='ltr'>bibliothecam</span> <span class='ocrx_word' id='word_1_25' title='bbox 990 908 1160 1010; x_wconf 87' lang='lat' dir='ltr'>proditu-</span> 
     </span>
     <span class='ocr_line' id='line_1_6' title="bbox 194 1051 1160 1158; baseline -0.005 -19"><span class='ocrx_word' id='word_1_26' title='bbox 194 1083 276 1139; x_wconf 91' lang='lat' dir='ltr'>ram</span> <span class='ocrx_word' id='word_1_27' title='bbox 297 1053 527 1150; x_wconf 79' lang='lat' dir='ltr'>cernemus?</span> <span class='ocrx_word' id='word_1_28' title='bbox 564 1051 741 1132; x_wconf 87' lang='lat' dir='ltr'>Profecto</span> <span class='ocrx_word' id='word_1_29' title='bbox 771 1057 967 1158; x_wconf 79' lang='lat' dir='ltr'>lugemus3</span> <span class='ocrx_word' id='word_1_30' title='bbox 1003 1058 1042 1136; x_wconf 92' lang='lat' dir='ltr'>in</span> <span class='ocrx_word' id='word_1_31' title='bbox 1062 1081 1160 1135; x_wconf 86' lang='lat' dir='ltr'>non-</span> 
     </span>
     <span class='ocr_line' id='line_1_7' title="bbox 194 1193 1196 1300; baseline -0.001 -17"><span class='ocrx_word' id='word_1_32' title='bbox 194 1201 304 1283; x_wconf 89' lang='lat' dir='ltr'>nullis</span> <span class='ocrx_word' id='word_1_33' title='bbox 329 1195 564 1277; x_wconf 84' lang='lat' dir='ltr'>bibliothecis</span> <span class='ocrx_word' id='word_1_34' title='bbox 589 1197 744 1299; x_wconf 87' lang='lat' dir='ltr'>publicis</span> <span class='ocrx_word' id='word_1_35' title='bbox 775 1193 966 1300; x_wconf 61' lang='lat' dir='ltr'>aularum&#39;,</span> <span class='ocrx_word' id='word_1_36' title='bbox 1002 1199 1160 1282; x_wconf 86' lang='lat' dir='ltr'>univer·</span> <span class='ocrx_word' id='word_1_37' title='bbox 1193 1277 1196 1282; x_wconf 85' lang='lat'><em>.</em></span> 
     </span>
     <span class='ocr_line' id='line_1_8' title="bbox 195 1342 1163 1450; baseline -0.002 -22"><span class='ocrx_word' id='word_1_38' title='bbox 195 1349 342 1428; x_wconf 84' lang='lat' dir='ltr'>litatum</span> <span class='ocrx_word' id='word_1_39' title='bbox 366 1357 439 1422; x_wconf 88' lang='lat' dir='ltr'>etc.</span> <span class='ocrx_word' id='word_1_40' title='bbox 468 1342 599 1445; x_wconf 84' lang='lat' dir='ltr'>quibus</span> <span class='ocrx_word' id='word_1_41' title='bbox 624 1347 695 1424; x_wconf 90' lang='lat' dir='ltr'>hoc</span> <span class='ocrx_word' id='word_1_42' title='bbox 714 1342 1163 1450; x_wconf 80' lang='lat' dir='ltr'>confilium&#39;eonquiren·</span> 
     </span>
     <span class='ocr_line' id='line_1_9' title="bbox 196 1475 1160 1594; baseline 0.002 -24"><span class='ocrx_word' id='word_1_43' title='bbox 196 1488 384 1570; x_wconf 89' lang='lat' dir='ltr'>dorumin</span> <span class='ocrx_word' id='word_1_44' title='bbox 400 1487 506 1565; x_wconf 89' lang='lat' dir='ltr'>omni</span> <span class='ocrx_word' id='word_1_45' title='bbox 532 1485 650 1567; x_wconf 86' lang='lat' dir='ltr'>scibili</span> <span class='ocrx_word' id='word_1_46' title='bbox 678 1488 869 1572; x_wconf 87' lang='lat' dir='ltr'>editorum</span> <span class='ocrx_word' id='word_1_47' title='bbox 890 1475 1160 1594; x_wconf 88' lang='lat' dir='ltr'>praestantium</span> 
     </span>
     <span class='ocr_line' id='line_1_10' title="bbox 195 1631 1160 1750; baseline -0.002 -32"><span class='ocrx_word' id='word_1_48' title='bbox 195 1637 380 1718; x_wconf 87' lang='lat' dir='ltr'>librorum</span> <span class='ocrx_word' id='word_1_49' title='bbox 395 1635 442 1714; x_wconf 94' lang='lat' dir='ltr'>ob</span> <span class='ocrx_word' id='word_1_50' title='bbox 454 1631 641 1714; x_wconf 84' lang='lat' dir='ltr'>sumtuum</span> <span class='ocrx_word' id='word_1_51' title='bbox 656 1635 701 1717; x_wconf 87' lang='lat' dir='ltr'>ad</span> <span class='ocrx_word' id='word_1_52' title='bbox 716 1634 755 1750; x_wconf 73' lang='lat' dir='ltr'>ill</span> <span class='ocrx_word' id='word_1_53' title='bbox 774 1633 1077 1716; x_wconf 88' lang='lat' dir='ltr'>destinandorum</span> <span class='ocrx_word' id='word_1_54' title='bbox 1094 1661 1160 1716; x_wconf 86' lang='lat' dir='ltr'>co-</span> 
     </span>
     <span class='ocr_line' id='line_1_11' title="bbox 196 1773 1163 1886; baseline 0 -26"><span class='ocrx_word' id='word_1_55' title='bbox 196 1782 300 1886; x_wconf 85' lang='lat' dir='ltr'>piam</span> <span class='ocrx_word' id='word_1_56' title='bbox 313 1773 720 1877; x_wconf 84' lang='lat' dir='ltr'>convenientiliimum,</span> <span class='ocrx_word' id='word_1_57' title='bbox 743 1793 850 1858; x_wconf 87' lang='lat' dir='ltr'>etex</span> <span class='ocrx_word' id='word_1_58' title='bbox 867 1778 1026 1859; x_wconf 89' lang='lat' dir='ltr'>instituti</span> <span class='ocrx_word' id='word_1_59' title='bbox 1045 1779 1163 1860; x_wconf 65' lang='lat' dir='ltr'>ratio«</span> 
     </span>
     <span class='ocr_line' id='line_1_12' title="bbox 198 1913 1164 2022; baseline -0.005 -10"><span class='ocrx_word' id='word_1_60' title='bbox 198 1955 250 2012; x_wconf 83' lang='lat' dir='ltr'>ne</span> <span class='ocrx_word' id='word_1_61' title='bbox 270 1921 514 2006; x_wconf 84' lang='lat' dir='ltr'>necessarium</span> <span class='ocrx_word' id='word_1_62' title='bbox 540 1921 621 2019; x_wconf 88' lang='lat' dir='ltr'>est,</span> <span class='ocrx_word' id='word_1_63' title='bbox 660 1921 769 2022; x_wconf 87' lang='lat' dir='ltr'>saepe</span> <span class='ocrx_word' id='word_1_64' title='bbox 803 1913 916 2002; x_wconf 79' lang='lat' dir='ltr'>libros</span> <span class='ocrx_word' id='word_1_65' title='bbox 950 1923 1164 2007; x_wconf 84' lang='lat' dir='ltr'>utiliffimos</span> 
     </span>
     <span class='ocr_line' id='line_1_13' title="bbox 201 2037 1168 2168; baseline 0 -16"><span class='ocrx_word' id='word_1_66' title='bbox 201 2089 242 2152; x_wconf 85' lang='lat' dir='ltr'>ct</span> <span class='ocrx_word' id='word_1_67' title='bbox 266 2063 572 2151; x_wconf 74' lang='lat' dir='ltr'>celebratissimos·</span> <span class='ocrx_word' id='word_1_68' title='bbox 591 2063 739 2168; x_wconf 85' lang='lat' dir='ltr'>deesse,</span> <span class='ocrx_word' id='word_1_69' title='bbox 766 2085 828 2150; x_wconf 85' lang='lat' dir='ltr'>cut</span> <span class='ocrx_word' id='word_1_70' title='bbox 848 2037 1033 2168; x_wconf 88' lang='lat' dir='ltr'>majorem</span> <span class='ocrx_word' id='word_1_71' title='bbox 1054 2069 1094 2150; x_wconf 88' lang='lat' dir='ltr'>in</span> <span class='ocrx_word' id='word_1_72' title='bbox 1118 2072 1168 2152; x_wconf 87' lang='lat' dir='ltr'>li-</span> 
     </span>
     <span class='ocr_line' id='line_1_14' title="bbox 199 2185 1170 2318; baseline -0.003 -18"><span class='ocrx_word' id='word_1_73' title='bbox 199 2223 356 2300; x_wconf 86' lang='lat' dir='ltr'>brorum</span> <span class='ocrx_word' id='word_1_74' title='bbox 386 2187 604 2293; x_wconf 75' lang='lat' dir='ltr'>coemtione</span> <span class='ocrx_word' id='word_1_75' title='bbox 637 2185 813 2295; x_wconf 81' lang='lat' dir='ltr'>favorem</span> <span class='ocrx_word' id='word_1_76' title='bbox 850 2215 915 2294; x_wconf 90' lang='lat' dir='ltr'>uni</span> <span class='ocrx_word' id='word_1_77' title='bbox 954 2214 1170 2318; x_wconf 85' lang='lat' dir='ltr'>scientiae,</span> 
     </span>
     <span class='ocr_line' id='line_1_15' title="bbox 201 2330 1171 2467; baseline 0.004 -25"><span class='ocrx_word' id='word_1_78' title='bbox 201 2387 292 2467; x_wconf 88' lang='lat' dir='ltr'>prae</span> <span class='ocrx_word' id='word_1_79' title='bbox 311 2360 380 2442; x_wconf 87' lang='lat' dir='ltr'>alia</span> <span class='ocrx_word' id='word_1_80' title='bbox 399 2330 588 2461; x_wconf 85' lang='lat' dir='ltr'>impendi,</span> <span class='ocrx_word' id='word_1_81' title='bbox 616 2377 678 2440; x_wconf 91' lang='lat' dir='ltr'>aut</span> <span class='ocrx_word' id='word_1_82' title='bbox 698 2377 921 2440; x_wconf 88' lang='lat' dir='ltr'>exterorum</span> <span class='ocrx_word' id='word_1_83' title='bbox 939 2359 1171 2462; x_wconf 88' lang='lat' dir='ltr'>scriptorum</span> 
     </span>
     <span class='ocr_line' id='line_1_16' title="bbox 193 2503 1172 2610; baseline -0.004 -20"><span class='ocrx_word' id='word_1_84' title='bbox 193 2529 319 2610; x_wconf 83' lang='lat' dir='ltr'>&#39;opera</span> <span class='ocrx_word' id='word_1_85' title='bbox 368 2503 609 2606; x_wconf 80' lang='lat' dir='ltr'>completioni</span> <span class='ocrx_word' id='word_1_86' title='bbox 656 2505 772 2606; x_wconf 86' lang='lat' dir='ltr'>longe</span> <span class='ocrx_word' id='word_1_87' title='bbox 811 2528 972 2584; x_wconf 89' lang='lat' dir='ltr'>numero</span> <span class='ocrx_word' id='word_1_88' title='bbox 1017 2504 1172 2608; x_wconf 80' lang='lat' dir='ltr'>adesse,</span> 
     </span>
     <span class='ocr_line' id='line_1_17' title="bbox 199 2621 1198 2760; baseline -0.004 -23"><span class='ocrx_word' id='word_1_89' title='bbox 199 2669 317 2760; x_wconf 85' lang='lat' dir='ltr'>&#39;quam</span> <span class='ocrx_word' id='word_1_90' title='bbox 337 2649 572 2754; x_wconf 67' lang='lat' dir='ltr'>pardorum,</span> <span class='ocrx_word' id='word_1_91' title='bbox 599 2650 664 2753; x_wconf 93' lang='lat' dir='ltr'>qui</span> <span class='ocrx_word' id='word_1_92' title='bbox 690 2621 863 2730; x_wconf 83' lang='lat' dir='ltr'>omnium</span> <span class='ocrx_word' id='word_1_93' title='bbox 888 2649 1049 2730; x_wconf 90' lang='lat' dir='ltr'>minime</span> <span class='ocrx_word' id='word_1_94' title='bbox 1076 2652 1198 2732; x_wconf 35' lang='lat' dir='ltr'>dest-n</span> 
     </span>
     <span class='ocr_line' id='line_1_18' title="bbox 205 2787 1179 2902; baseline 0.001 -22"><span class='ocrx_word' id='word_1_95' title='bbox 205 2798 328 2880; x_wconf 82' lang='lat' dir='ltr'>denari</span> <span class='ocrx_word' id='word_1_96' title='bbox 343 2787 545 2885; x_wconf 75' lang='lat' dir='ltr'>deberent:</span> <span class='ocrx_word' id='word_1_97' title='bbox 573 2811 635 2875; x_wconf 90' lang='lat' dir='ltr'>aut</span> <span class='ocrx_word' id='word_1_98' title='bbox 655 2794 818 2898; x_wconf 84' lang='lat' dir='ltr'>denique</span> <span class='ocrx_word' id='word_1_99' title='bbox 835 2795 1021 2896; x_wconf 86' lang='lat' dir='ltr'>sumptus,</span> <span class='ocrx_word' id='word_1_100' title='bbox 1049 2798 1179 2902; x_wconf 89' lang='lat' dir='ltr'>quiin</span> 
     </span>
     <span class='ocr_line' id='line_1_19' title="bbox 98 2941 1181 3056; baseline -0.003 -28"><span class='ocrx_word' id='word_1_101' title='bbox 98 3047 104 3056; x_wconf 17' lang='grc' dir='ltr'>ἱ</span> <span class='ocrx_word' id='word_1_102' title='bbox 204 2943 539 3047; x_wconf 88' lang='lat' dir='ltr'>locupletationem</span> <span class='ocrx_word' id='word_1_103' title='bbox 577 2941 824 3024; x_wconf 87' lang='lat' dir='ltr'>bibliothecae</span> <span class='ocrx_word' id='word_1_104' title='bbox 867 2941 1070 3024; x_wconf 84' lang='lat' dir='ltr'>destinandi</span> <span class='ocrx_word' id='word_1_105' title='bbox 1115 2971 1181 3025; x_wconf 91' lang='lat' dir='ltr'>es-</span> 
     </span>
     <span class='ocr_line' id='line_1_20' title="bbox 206 3081 1186 3202; baseline 0.002 -33"><span class='ocrx_word' id='word_1_106' title='bbox 206 3081 311 3190; x_wconf 87' lang='lat' dir='ltr'>seut,</span> <span class='ocrx_word' id='word_1_107' title='bbox 329 3087 380 3202; x_wconf 83' lang='lat' dir='ltr'>in</span> <span class='ocrx_word' id='word_1_108' title='bbox 404 3085 575 3168; x_wconf 88' lang='lat' dir='ltr'>salarium</span> <span class='ocrx_word' id='word_1_109' title='bbox 601 3086 807 3167; x_wconf 89' lang='lat' dir='ltr'>otiosorum</span> <span class='ocrx_word' id='word_1_110' title='bbox 834 3108 873 3168; x_wconf 87' lang='lat' dir='ltr'>et</span> <span class='ocrx_word' id='word_1_111' title='bbox 898 3085 1186 3187; x_wconf 88' lang='lat' dir='ltr'>superfluorum</span> 
     </span>
     <span class='ocr_line' id='line_1_21' title="bbox 102 3203 986 3338; baseline -0.001 -24"><span class='ocrx_word' id='word_1_112' title='bbox 102 3279 127 3314; x_wconf 83' lang='grc'>,·</span> <span class='ocrx_word' id='word_1_113' title='bbox 208 3203 428 3333; x_wconf 74' lang='lat' dir='ltr'>custodum,</span> <span class='ocrx_word' id='word_1_114' title='bbox 455 3232 757 3338; x_wconf 81' lang='lat' dir='ltr'>scriptorumque</span> <span class='ocrx_word' id='word_1_115' title='bbox 783 3231 986 3334; x_wconf 73' lang='lat' dir='ltr'>profundi?</span> 
     </span>
    </p>

    <p class='ocr_par' dir='ltr' id='par_1_3' title="bbox 107 3375 1197 3782">
     <span class='ocr_line' id='line_1_22' title="bbox 263 3375 1191 3482; baseline 0.003 -24"><span class='ocrx_word' id='word_1_116' title='bbox 263 3377 267 3388; x_wconf 78' lang='lat'>‘</span> <span class='ocrx_word' id='word_1_117' title='bbox 310 3379 431 3458; x_wconf 86' lang='lat' dir='ltr'>Fuere</span> <span class='ocrx_word' id='word_1_118' title='bbox 447 3399 562 3478; x_wconf 92' lang='lat' dir='ltr'>porro</span> <span class='ocrx_word' id='word_1_119' title='bbox 583 3377 739 3482; x_wconf 90' lang='lat' dir='ltr'>suntque</span> <span class='ocrx_word' id='word_1_120' title='bbox 758 3375 929 3457; x_wconf 86' lang='lat' dir='ltr'>librariae</span> <span class='ocrx_word' id='word_1_121' title='bbox 952 3381 1086 3458; x_wconf 89' lang='lat' dir='ltr'>thecae</span> <span class='ocrx_word' id='word_1_122' title='bbox 1100 3383 1191 3461; x_wconf 89' lang='lat' dir='ltr'>col-</span> 
     </span>
     <span class='ocr_line' id='line_1_23' title="bbox 107 3520 1197 3629; baseline 0.002 -24"><span class='ocrx_word' id='word_1_123' title='bbox 107 3521 118 3532; x_wconf 68' lang='grc'><strong><em>”</em></strong></span> <span class='ocrx_word' id='word_1_124' title='bbox 208 3526 396 3618; x_wconf 75' lang='lat' dir='ltr'>lectores,</span> <span class='ocrx_word' id='word_1_125' title='bbox 432 3520 497 3624; x_wconf 92' lang='lat' dir='ltr'>qui</span> <span class='ocrx_word' id='word_1_126' title='bbox 539 3538 685 3600; x_wconf 90' lang='lat' dir='ltr'>tantum</span> <span class='ocrx_word' id='word_1_127' title='bbox 717 3525 793 3601; x_wconf 84' lang='lat' dir='ltr'>vel·</span> <span class='ocrx_word' id='word_1_128' title='bbox 810 3523 859 3602; x_wconf 88' lang='lat' dir='ltr'>fic</span> <span class='ocrx_word' id='word_1_129' title='bbox 889 3523 1007 3604; x_wconf 92' lang='lat' dir='ltr'>dictos</span> <span class='ocrx_word' id='word_1_130' title='bbox 1045 3531 1197 3629; x_wconf 51' lang='lat' dir='ltr'>raros}</span> 
     </span>
     <span class='ocr_line' id='line_1_24' title="bbox 211 3662 1197 3782; baseline 0.001 -30"><span class='ocrx_word' id='word_1_131' title='bbox 211 3669 278 3760; x_wconf 87' lang='lat' dir='ltr'>vel</span> <span class='ocrx_word' id='word_1_132' title='bbox 299 3662 471 3768; x_wconf 75' lang='lat' dir='ltr'>smguleri</span> <span class='ocrx_word' id='word_1_133' title='bbox 503 3665 849 3767; x_wconf 60' lang='lat' dir='ltr'>typorumfnitore</span> <span class='ocrx_word' id='word_1_134' title='bbox 882 3690 922 3750; x_wconf 85' lang='lat' dir='ltr'>et</span> <span class='ocrx_word' id='word_1_135' title='bbox 950 3667 1103 3782; x_wconf 79' lang='lat' dir='ltr'>somnae</span> <span class='ocrx_word' id='word_1_136' title='bbox 1130 3673 1197 3754; x_wconf 91' lang='lat' dir='ltr'>lu-</span> 
     </span>
    </p>

    <p class='ocr_par' dir='ltr' id='par_1_4' title="bbox 1014 3837 1134 3904">
     <span class='ocr_line' id='line_1_25' title="bbox 1014 3837 1134 3904; baseline 0.017 -2"><span class='ocrx_word' id='word_1_137' title='bbox 1014 3837 1134 3904; x_wconf 74' lang='lat' dir='ltr'>xum</span> 
     </span>
    </p>
   </div>
   <div class='ocr_carea' id='block_1_3' title="bbox 0 0 1234 4282">
    <p class='ocr_par' dir='ltr' id='par_1_5' title="bbox 0 0 1234 4282">
     <span class='ocr_line' id='line_1_26' title="bbox 0 0 1234 4282; baseline 0 0"><span class='ocrx_word' id='word_1_138' title='bbox 0 0 1234 4282; x_wconf 95' lang='lat' dir='ltr'> </span> 
     </span>
    </p>
   </div>
  </div>
 </body>
</html>
