2412 4282
259 299 265 308 ·
366 255 760 378 enarrarre
1018 307 1104 371 *2

86 483 206 589 c'apti,
232 481 412 584 prospero
437 505 566 563 rerum
593 485 738 564 suarum
760 487 852 565 statu
874 465 914 564 et
935 511 1052 565 even·
1134 451 1140 470 ’

87 650 129 711 tu
148 631 241 708 adeo
264 627 376 726 elati,
401 645 444 706 ut
460 628 500 707 se
514 630 610 709 solos
629 627 785 725 felices,
812 635 848 711 se
866 633 962 712 solos
984 659 1050 711 ve·
1114 655 1116 660 ·

90 801 137 858 re
150 775 349 876 prudentes
371 773 602 854 existiment.
639 777 725 854 Non
742 775 978 858 invideamus
992 777 1049 855 eis

95 943 222 1002 vanarn
245 923 362 1018 hauc,
388 945 462 1000 nec
484 919 697 1000 diuturnam
720 920 943 1000 illufionem.
970 923 1049 1001 Ple-

87 1089 246 1170 rumque
270 1063 485 1160 hujusmodi
508 1066 680 1144 homines
703 1086 836 1147 mutuo
858 1067 936 1146 sese
963 1070 1049 1144 eon-

86 1211 223 1292 ficiunt
233 1207 393 1300 diffidio;
412 1237 506 1292 unus
518 1213 686 1292 alterum
700 1212 785 1292 suae
806 1211 979 1292 fortunae
996 1211 1050 1288 in·
1136 1272 1141 1328 Ι,

87 1325 293 1440 viriumaut
307 1358 496 1435 aemulum
512 1356 781 1456 praecipitare,
809 1361 1048 1460 perdereque

83 1504 239 1591 nititur3
281 1517 508 1602 perpetuum
547 1527 613 1581 eos
647 1501 851 1581 intercedit
884 1503 1048 1598 bellum,

82 1673 176 1727 mox
199 1665 396 1747 apertum,
422 1670 514 1724 mox
539 1647 771 1726 simulatione
796 1665 966 1736 tectum;
992 1668 1047 1728 ra·

81 1817 126 1872 ra
148 1792 282 1871 stabilis
307 1793 442 1871 horum
466 1810 553 1870 ante
580 1809 750 1870 mortem
777 1790 952 1869 felicitas.
997 1799 1047 1870 Ut
1127 1869 1131 1880 ,

83 1937 250 2042 primum
268 1938 355 2015 loco
380 1937 444 2016 suo
468 1938 579 2037 pulsi,
607 1955 670 2016 aut
693 1935 773 2014 aliis
799 1939 1046 2016 humanarum

80 2105 213 2162 rerum
238 2081 402 2160 tristibus
428 2079 733 2162 viciffitudinibus
753 2069 915 2162 involuti
943 2081 1044 2160 sunt:

78 2231 171 2307 dum
189 2250 307 2306 nemo
331 2225 387 2304 eis
412 2229 609 2325 condolet,
635 2229 723 2307 dum
746 2225 906 2326 opprelli
920 2245 962 2302 et
980 2252 1046 2306 ve.-

79 2370 163 2448 xati
183 2353 458 2472 imprecantur,
485 2371 604 2451 invidi
627 2373 867 2470 cavillantur,
894 2370 1044 2450 boniet
1114 2363 1117 2374 ’

76 2515 237 2616 ingenui
266 2515 342 2597 viri
376 2534 647 2615 contemnunt,
675 2538 715 2596 et
738 2516 899 2618 fugiunt.
938 2517 1042 2596 Dum
1112 2619 1115 2626 Ι

77 2685 149 2738 eos
175 2658 403 2743 conscientia
434 2663 625 2762 praeclare
648 2679 689 2740 et
712 2681 818 2740 recte
848 2684 1042 2758 actorum,

73 2803 285 2912 rerumque
307 2829 394 2886 cum
420 2808 527 2888 laude
553 2828 596 2887 et
617 2805 740 2887 fructu
772 2806 887 2887 totius
911 2805 1042 2887 civita-

70 2951 123 3028 tis
166 2953 356 3054 gestarum
393 2953 487 3030 haud
524 2951 659 3056 erigit3
706 2920 769 3032 seii
805 2951 929 3052 potius
958 2973 1038 3028 me·
1125 2965 1129 2974 ·

70 3097 198 3175 moria
230 3095 333 3176 effufi
366 3099 504 3200 absque
530 3093 746 3177 necessitate
769 3093 953 3196 sanguinis
975 3095 1038 3172 hu-

75 3240 193 3340 mani,
210 3243 313 3320 male
327 3239 569 3319 administrati
582 3242 741 3340 aerarii,
756 3232 947 3342 oppteliae
960 3237 1039 3337 ple-

77 3379 129 3460 bis
152 3405 219 3466 aut
238 3409 354 3487 opum
376 3383 416 3462 in
433 3385 590 3486 pellices
615 3403 655 3469 et
667 3382 937 3466 obscoenitates
952 3403 1037 3481 pro·

69 3523 264 3626 fusurum,
288 3530 466 3633 vitaeque
487 3529 650 3610 inaniter
673 3549 877 3610 transactae
891 3522 1034 3625 arguit:
1087 3533 1090 3552 '
1144 3528 1150 3543 ‘

65 3671 315 3773 --profecto
335 3679 549 3776 phantasma
570 3657 783 3772 felicitatis,
810 3667 919 3749 brevi
940 3688 1036 3747 tem-

890 3835 984 3912 pore
