2432 4276
157 259 237 361 ⁶44
479 251 784 331 srrs-urrn

141 429 296 506 1Struvii
326 425 435 501 Euro.
472 421 600 498 Gotth.
629 422 694 495 leti
723 463 774 482 ·-
809 423 933 508 Corpus
961 419 1121 484 Historiae

199 535 408 594 Germanicae
430 531 564 614 aprima
587 530 696 588 Gentis
725 529 849 611 origine
867 527 906 590 ad
925 549 1044 591 annum
1063 549 1122 591 us-

200 657 264 722 que
287 632 516 700 MDCCXXX.
546 651 587 692 ex
615 634 759 716 genuinis
776 633 983 697 Historiarum
1015 633 1120 696 docu-

198 746 339 821 mentis,
370 758 562 802 coaevorum
585 742 777 824 Scriptorum
795 743 1035 819 monumentis,
1057 745 1121 812 Di,-

198 849 392 940 plomatibus
413 861 446 912 et
464 851 552 912 Actis
569 845 704 935 publicis
721 847 929 928 illustratum,
962 828 1038 910 curn
1056 867 1120 910 va-

196 959 252 1022 riis
273 950 557 1018 Observationibus
578 965 610 1014 et
627 936 746 1036 Figuris
763 955 894 1033 Aeneis,
917 951 1043 1030 adjecto
1063 957 1120 1013 In-

200 1049 273 1142 clice
294 1059 536 1151 locupletillimo
557 1078 590 1124 et
608 1061 775 1148 opusculis
796 1060 835 1125 ad
854 1061 1023 1125 Historiam
1036 1065 1121 1134 Ger-

198 1173 355 1238 manicam
387 1165 587 1233 facientibus.
639 1167 856 1230 Praemittitur
879 1165 991 1228 Christ.
1012 1163 1117 1226 Guttl.

198 1273 315 1342 Buderi
336 1275 530 1341 Bibliotheca
552 1277 746 1362 Scriptorum
777 1266 881 1338 rerum
911 1275 1120 1336 Gerninnicu-

197 1401 270 1446 rurn
289 1381 416 1446 easdem
437 1379 608 1444 universim
624 1380 855 1444 illustrantiunr.
877 1380 973 1442 Tomi
989 1383 1032 1440 11.
1064 1383 1121 1450 Je-

198 1503 367 1570 nae173o.
392 1489 424 1548 in
444 1481 502 1548 fol.

156 1587 289 1664 Urssifii
310 1587 501 1664 Christiani
529 1584 702 1652 Bnsrleensrs
727 1619 771 1635 -
802 1585 992 1648 Germaniae
1012 1585 1122 1648 Histo—

202 1698 342 1757 ricorum
370 1691 556 1774 illustrium,
588 1711 724 1777 quorum
754 1680 900 1778 plerique
917 1690 955 1754 ab
976 1695 1124 1754 Hentico

70 1778 71 1788 '
200 1803 256 1862 rv.
276 1803 358 1885 rmp.
384 1798 543 1884 usquead
573 1819 689 1860 annum
710 1787 819 1859 curisti
843 1799 996 1860 nocco.
1017 1813 1051 1860 ee
1081 1819 1124 1861 ex

201 1907 239 1968 iis
260 1904 389 1991 quidem
414 1905 537 1990 septem
556 1925 720 1990 nunquam
741 1919 835 1967 antea
857 1901 936 1966 editi
948 1948 962 1984 ‚
1007 1907 1126 1966 Gentis
1208 1897 1209 1922 ¹

201 2009 268 2088 ejus
310 2029 359 2074 res
389 2009 486 2096 gestas
510 2016 693 2078 memoriae,
713 2011 965 2091 consecrarunt,
998 2014 1127 2076 Tomos
1208 1999 1209 2030 ²

200 2136 292 2182 unus.
316 2113 511 2180 Francofurti
533 2115 626 2200 1670.
650 2120 683 2179 in
700 2112 758 2180 fol·

131 2665 137 2687 „
327 2471 974 2674 scrr'rrrousss·

207 2730 460 2816 RERUM
520 2731 1072 2814 POLONICARUM.

444 2925 822 2957 ἡ·

160 3009 364 3158 Cromen
390 3077 543 3152 Martini
568 3119 619 3134 -
646 3076 686 3140 de
716 3079 837 3164 origine
856 3089 892 3137 ec
916 3071 1016 3135 rebus
1034 3072 1131 3158 gellis

203 3186 396 3254 polonorum
415 3178 499 3242 rrbri
518 3183 625 3244 XXX.
682 3182 817 3262 Adjecta
842 3179 886 3244 est
905 3183 938 3243 in
957 3177 1022 3242 fine
1044 3177 1133 3258 ejus-

203 3295 278 3357 dem
298 3290 427 3350 Autoris
452 3283 593 3348 funebris
615 3291 725 3352 Oratio
747 3288 934 3374 sigismundi
956 3286 1050 3368 Regis
1076 3286 1131 3344 vi·-

203 3415 270 3462 tam
294 3392 519 3479 compendiose
535 3393 716 3478 complexa.
740 3389 874 3456 nafileae
895 3407 988 3472 15552
1008 3391 1043 3450 in
1066 3384 1129 3450 l'ol.

156 3505 329 3606 Dlugoffi
369 3504 421 3564 seu
450 3505 583 3586 Longini
617 3504 745 3574 loannis
774 3502 926 3564 canonici
958 3496 1129 3580 quondam
1206 3559 1207 3580 1

200 3605 639 3674 Cracovicnsrs-Historiae
658 3603 825 3670 Polonicae
848 3600 1015 3664 Librini.
1041 3621 1127 3686 quo·
1206 3619 1207 3656 3

200 3725 272 3772 tum
307 3711 362 3775 serr
389 3711 578 3798 posteriores
611 3710 754 3808 nondum
786 3707 886 3787 editi,
917 3725 1002 3768 nunc
1033 3706 1125 3771 simul
1206 3701 1207 3721 ³

1000 3831 1077 3874 cum
