2412 4282
8 339 14 354 ι
131 186 220 310 mr
379 297 383 312 ,
428 195 814 314 praeruptu

131 395 340 502 metationis
349 440 548 522 parentum
569 443 610 503 et
629 422 831 522 majorum,
854 421 985 526 quibus
1000 417 1102 522 opti·
1144 395 1147 402 ’

130 587 219 647 ‘mus
240 566 398 670 quisque
420 570 561 669 patriae
588 570 671 650 suae
686 569 948 670 adstringitur.

238 713 418 819 Denique
440 713 612 816 respondi
637 714 754 793 etiam
777 713 875 810 illis,
915 711 979 815 qui
1001 737 1101 815 quae

136 863 329 985 praeclare
350 878 390 940 et
408 843 546 958 magne
566 858 690 961 gentis
703 859 886 939 humanae
900 885 942 938 ac
953 859 1101 958 patriae
1122 852 1126 856 ’

138 1005 341 1087 eommodo
360 1021 439 1084 acta
463 999 600 1102 effert,
621 1024 828 1084 extenuare
850 1022 1035 1102 cuperent
1048 1029 1100 1082 eo

108 1117 110 1125 ἱ
138 1150 289 1249 adjecto
310 1149 471 1229 calculo:
499 1169 579 1228 acta
603 1147 665 1228 illa
695 1145 800 1228 fuiffe
824 1173 900 1226 nou
923 1120 973 1226 ex
998 1171 1103 1228 amo-

93 1355 97 1363 ,
138 1323 192 1378 re
206 1295 375 1398 patriae,
398 1293 472 1372 sed
489 1291 715 1396 pot'rffimum
745 1320 795 1374 ex
826 1295 970 1398 gloriae
999 1293 1101 1394 tupi·

4 1474 9 1483 ¹
142 1443 259 1523 ditate
289 1456 330 1518 et
359 1439 579 1518 ambitione.
627 1441 714 1545 Nou
734 1433 898 1519 diffiteor
923 1438 1104 1542 quidem,

142 1585 340 1668 sublimem
361 1587 542 1686 quandam
564 1583 644 1662 vim
663 1581 778 1664 ineffe
797 1584 854 1664 his
867 1583 1105 1684 Philosopho-

66 1733 70 1740 ’
137 1755 230 1810 rum
252 1729 428 1810 monitis:
454 1713 653 1810 Virtutem
677 1751 832 1830 propter
854 1728 1027 1829 seipsam
1050 1727 1105 1806 di-

32 1973 34 1984 ¹
113 1913 115 1923 v
142 1874 334 1978 ligendam
347 1871 445 1972 effe,
465 1869 665 1974 officioque
682 1872 999 1974 satisfaciendum,
1021 1897 1106 1974 pro·

118 2051 121 2056 ·
143 2037 274 2122 pterea
298 2020 396 2122 quod
417 2019 461 2095 tit
483 2013 674 2117 officium,
700 2015 846 2122 absque'
862 2020 968 2100 omui
983 2019 1109 2121 respe-

144 2181 233 2262 etu,
259 2187 305 2242 arr
337 2161 541 2266 quidinde
566 2164 662 2264 grati
687 2129 863 2276 utilisque
888 2166 929 2244 in
951 2191 1018 2246 uos
1042 2185 1110 2264 -re7

145 2304 297 2390 dundet.
324 2305 403 2403 Ajo
417 2326 545 2388 tamen
560 2307 808 2414 confidenter,
832 2307 1108 2412 ita'disposuilie

65 2522 68 2528 s
144 2453 363 2554 supremum
384 2474 513 2530 rerum
529 2452 954 2534 omniumcunditorem
971 2474 1011 2534 et
1027 2459 1111 2534 m'o-

26 2692 27 2708 x
146 2601 362 2679 deratorem
394 2600 639 2682 humanarum
671 2621 801 2679 rerum
824 2600 1112 2697 conditionem,

75 2819 79 2828 .
146 2761 190 2824 ut
214 2743 397 2822 virtutem
420 2744 499 2821 laus
526 2761 566 2820 et
590 2745 988 2844 approbati0·ali0rum
1014 2749 1114 2827 haud

149 2861 335 2990 quaeue,
361 2889 471 2967 instar
494 2891 664 2986 umbrae,
690 2887 892 2970 neceffario
920 2917 1022 2972 nexu
1043 2918 1115 2976 uo,-

45 3059 47 3068 ’
147 3019 320 3112 mitetur.
361 3027 536 3140 Qualiter
554 3033 684 3138 itaque
710 3035 795 3134 ille,
823 3035 887 3138 qui
918 3036 965 3114 de
994 3037 1117 3136 patria

101 3184 103 3188 ’
150 3179 210 3261 sua
229 3181 335 3262 'bene
356 3197 553 3277 meretur,
590 3178 779 3278 impedire
805 3177 934 3280 poffit,
973 3177 1026 3258 ne'
1048 3203 1117 3256 eu-

63 3431 67 3438 Ι
151 3323 275 3406 tomia
299 3312 458 3402 alimum
481 3323 690 3408 meritasua
704 3325 956 3432 eelebrent,
946 3349 1025 3403 imo
1047 3349 1119 3408 eur

151 3465 341 3596 impedire
364 3465 542 3566 deberet,
570 3469 711 3549 etiamsi
732 3467 879 3570 poffet?
910 3470 1118 3570 pervidere

151 3637 317 3720 nequeo.
356 3607 496 3705 injuste
515 3613 603 3694 sane
627 3635 677 3694 ex
691 3631 833 3698 eventu
856 3615 903 3693 de
914 3615 1026 3716 scopo
1040 3614 1131 3696 fer

990 3777 1067 3839 ‘tur
