2418 4282
331 257 333 264 “
473 230 611 326 ΡΑΝ.
922 273 996 356 425

57 441 223 524 Pauccar
250 436 358 509 Grov.
385 442 483 531 Arar.
515 471 565 492 -
603 429 770 518 veridici,
811 459 830 506 c
860 432 1000 526 distincti
1032 413 1036 424 ¹

108 556 243 634 successu
265 558 343 632 dell’
370 561 449 629 armi
478 560 667 654 imperiali,
694 559 824 632 Ribelli
851 581 882 632 et
907 566 1003 634 Otto.

109 707 231 758 manne
250 677 367 782 segniti
393 683 472 754 nell’
497 677 620 752 Austris
647 699 679 752 et
706 685 874 778 Ungheria
902 688 1004 757 l'anni

109 803 279 897 1⁶83ss84·
304 830 322 876 e
344 819 395 899 85.
434 805 584 882 Conon
615 810 728 902 previo
758 809 941 908 Raguaglio
968 807 1002 880 di

108 945 234 1028 quanto
259 926 448 1028 stcoopctit
476 927 561 1000 dalla
582 924 705 1002 Maeni
736 927 814 1009 dcll’
835 927 1004 1031 Augullit·

106 1047 194 1124 limo
229 1051 426 1150 Leopoldo‚
471 1075 529 1149 per
558 1053 589 1123 it
624 1054 883 1150 continuatione
917 1053 1004 1125 della

108 1171 252 1274 Tregua
272 1200 338 1247 con
354 1177 386 1246 lt
405 1192 499 1274 porta
519 1179 721 1262 Ottomena,
747 1201 765 1246 ο
787 1177 840 1246 de'
861 1173 1003 1249 Ttattati

112 1297 173 1372 del.
191 1297 318 1370 Ribelle
340 1299 496 1387 Techely
519 1323 584 1368 cort
607 1300 639 1372 lc
660 1295 869 1385 credemur,
896 1324 953 1399 pet
973 1307 1006 1374 la
1116 1327 1120 1344 ¹

111 1415 217 1494 motta
234 1417 313 1492 dell'
338 1425 419 1492 armi
444 1414 593 1504 infideli,
620 1437 740 1492 contro
762 1419 840 1494 dell'
858 1423 1003 1520 impero,
1136 1449 1140 1458 ·

110 1541 232 1618 edulia
255 1537 468 1616 christianici.
508 1547 543 1615 in
570 1545 701 1615 Milano
723 1567 747 1616 t.
770 1568 800 1619 a.
826 1569 882 1640 pet
904 1543 1005 1618 tedet

107 1671 180 1740 rico
203 1666 342 1768 agnelli
365 1671 401 1740 in
421 1691 464 1742 ra.
492 1691 569 1768 pag.
591 1679 664 1756 «με.
694 1691 770 1738 curn
792 1671 954 1740 iconibus.

57 1791 365 1870 Paucxtl‘tttuc.
403 1791 521 1889 Hung.
557 1786 783 1864 Zolnoltieufiu
809 1831 860 1851 —
887 1793 1006 1862 Lautut

110 1905 241 2013 poetica
269 1907 329 1990 scu·
347 1917 593 1992 exercitationes
620 1918 805 2000 metticae,
832 1937 909 2012 quas
930 1933 1006 1984 ante

112 2032 246 2138 quidem
265 2061 326 2136 pro
352 2059 540 2138 temporum
563 2055 594 2107 et
616 2033 827 2116 occasionum
846 2033 1007 2108 divctfita-

110 2180 142 2230 te
165 2162 334 2258 publicam
353 2162 387 2231 in
405 2163 514 2232 luo‘em
535 2157 672 2232 divifive
684 2157 799 2244 edidit,
825 2186 912 2231 nunc
926 2184 1006 2232 vero

110 2278 240 2357 favente
264 2277 466 2383 superiorum
494 2301 616 2356 artnutu
650 2303 681 2354 ct
706 2282 935 2368 ,munificentia
970 2288 1006 2360 io

110 2401 258 2506 praesent
292 2400 484 2505 opusculum
518 2409 654 2499 collegit
680 2409 818 2484 Author.
860 2412 1007 2482 Viennae

54 2571 56 2582 ·
112 2532 222 2630 Typic
243 2520 333 2604 And<
355 2517 530 2622 Hcyin'gct
553 2555 640 2622 ¹7²⁴·
665 2534 699 2602 itt
713 2547 744 2616 8.
771 2536 858 2630 plag.
877 2557 929 2609 ro.

53 2691 239 2733 ,ινφ-
260 2658 347 2726 Vitia
382 2641 570 2728 hotirinutn.
594 2671 633 2730 et.
665 2658 821 2728 vitiorum
856 2649 1007 2727 consutae

42 2758 49 2783 ’
108 2774 199 2866 ssylo
217 2779 349 2875 poetico
372 2800 430 2875 per
453 2780 613 2876 Dialogus
635 2778 760 2876 aliquot
787 2776 1006 2850 adumbratae.
1148 2753 1155 2786 ⁷

112 2896 236 2972 ibidem
261 2896 390 2975 iisdem.
418 2904 506 2987 1726.
533 2901 567 2970 io
592 2913 623 2981 8.
650 2903 736 2999 plag.
762 2914 807 2997 33.
865 2973 869 2984 ,

57 3065 238 3085 ...--
264 3023 374 3092 Feriac
400 3021 632 3106 Autumnum,
670 3015 727 3104 seu
750 3024 890 3096 Carmen
918 3017 1007 3120 quod

111 3161 177 3217 etc.
203 3137 398 3238 Godoiredo
424 3162 486 3219 etc.
515 3146 636 3216 exemti
659 3139 849 3228 Montiletii
874 3144 1008 3218 Gottti·

113 3261 242 3350 παῦε,
269 3291 330 3338 nec
354 3289 424 3340 non
446 3285 593 3340 exemtte
619 3267 772 3342 libariae
795 3267 943 3352 Satltvit
967 3265 1009 3340 rt

112 3394 146 3462 S.
175 3387 355 3464 Adriauum
386 3394 421 3462 itt
442 3391 557 3491 Huog.
585 3388 666 3460 Otd.
688 3391 720 3459 S.
743 3388 865 3464 Bened.
888 3391 1011 3466 Abbati

111 3518 150 3584 in
174 3508 321 3600 telletum
341 3507 599 3592 submisfiilirtrac
622 3514 837 3586 veneratiooit
866 3517 937 3589 σεο.
961 3504 1011 3582 ol·

111 3631 190 3711 iert.
222 3639 369 3708 Viennae
387 3658 469 3728 ηας.
501 3639 536 3708 in
556 3627 619 3711 iol.
641 3634 727 3733 plag.
751 3656 781 3711 a.

884 3751 963 3828 Gat-
