2412 4282
352 173 743 330 PRAEFATIo.
965 268 1073 381 ute¹

23 441 24 458 ¹
83 437 188 518 lolum
214 438 362 534 natale,
388 436 450 518 ubi
472 460 612 538 nempe
632 434 888 537 opportunitas
910 435 1038 520 maxi.

23 605 24 622 ³
83 605 137 661 ma
167 585 267 710 adest)
290 584 545 683 augendarum
572 600 613 660 et
646 585 921 666 exerendarum
946 603 1040 668 cor-³

84 729 176 830 poris
196 748 233 808 et
247 720 363 808 animi
376 725 537 814 virium;
561 727 623 808 ubi
645 728 823 829 genium,
844 729 1027 833 linguam,

87 874 400 974 constitutionem,
439 896 592 992 mores,
628 874 820 974 hobitum,
846 876 1027 957 defidetia

81 1019 192 1120 populi
226 1018 317 1102 inde
357 1047 378 1098 a
408 1020 581 1121 pueritia
604 1019 817 1136 novimus,
843 1019 907 1100 ubi
939 1047 1026 1100 com

78 1163 375 1266 sanguineorum,
401 1165 685 1270 amicorumque
711 1188 827 1266 opera
853 1185 917 1248 aut
941 1165 1025 1247 lati-

74 1305 278 1390 stadiorum
302 1333 344 1392 et
368 1311 567 1390 industriae
597 1310 841 1412 proventibus
866 1313 1026 1404 adhaec

73 1455 127 1534 vel
154 1457 221 1536 alia
257 1455 517 1559 perficienda,
558 1455 636 1538 uti.
652 1453 860 1558 pollumus:
898 1461 1021 1538 verbo

75 1600 126 1678 ubi
160 1625 198 1683 et
224 1606 384 1702 locum,
425 1621 466 1680 et
502 1602 659 1681 modum
688 1601 847 1703 agendi,
887 1601 976 1682 iude
999 1611 1027 1686 d

73 1749 198 1844 termis
223 1748 336 1828 nobis
362 1745 591 1826 reddidimus
620 1745 859 1830 familiarem.
905 1748 1019 1830 Natu-

71 1895 173 1972 ralem
188 1895 307 1997 igitur
330 1893 507 1989 cuilibet,
533 1916 646 1994 quem
667 1889 740 1972 fata
754 1888 927 1971 aliorsum
942 1918 1018 1972 nou

71 2060 278 2138 rapuerunt,
305 2037 441 2140 agendi
458 2036 651 2136 sphaeram
671 2033 745 2116 ello
761 2036 939 2140 patriam,
953 2063 1019 2118 oe·

69 2207 131 2283 que
161 2167 356 2287 plerisque
380 2183 419 2262 in
457 2183 592 2262 cafibus
624 2167 1017 2282 Cosmopolitam'aut
1050 2205 1051 2208 ‘

69 2326 331 2432 Philmuopum
351 2329 460 2410 ‘sano
494 2324 603 2421 hujus
641 2326 747 2406 vocis
783 2325 888 2410 sensu
912 2325 1014 2432 polle

67 2474 259 2570 praedicari
282 2475 472 2580 aliquem,
499 2473 565 2552 nifi
585 2472 787 2575 egregium
807 2476 846 2568 se
867 2474 1014 2578 patriae

65 2611 137 2698 lua'e
175 2621 309 2700 civem
342 2617 584 2722 praestiterit.
636 2618 790 2716 Taceo,
815 2621 1013 2701 neminem

54 2751 126 2846 ⁴elle
161 2765 407 2864 mortalium,
447 2762 511 2868 qui
550 2768 708 2856 humana
746 2762 874 2845 omnia
913 2739 1012 2844 itta
1052 2774 1055 2787 '

61 2907 91 2986 se
110 2909 273 2992 alienate
299 2930 436 3013 queat,
452 2930 503 2992 ¹ut
526 2928 680 3012 propter
705 2905 1010 2994 allvefactiouem

63 3055 98 3130 ad
120 3077 270 3146 certum
297 3056 432 3156 clima,
472 3059 514 3138 ad
554 3077 702 3137 certum
725 3056 926 3162 loquendi,
953 3055 1010 3138 vi-

60 3200 160 3278 vendi
184 3221 227 3280 et
251 3203 387 3308 agendi
404 3203 561 3282 modum
583 3201 766 3282 desiderio
789 3201 919 3280 natalis
941 3203 1008 3283 soli
1106 3239 1129 3305 g

59 3345 191 3438 prorsus
218 3374 297 3426 non
320 3349 493 3427 ducator:
532 3365 640 3426 taceo
676 3345 827 3426 vincula
852 3347 1007 3449 gratitu·
1100 3312 1109 3333 ⁰

57 3482 166 3589 dinis,
192 3491 358 3592 amoris,
384 3487 916 3592 anticitiae,‚necellitudinis,
939 3515 1008 3573 ve·
1130 3536 1133 3544 ·

849 3656 956 3716 nera·
