2432 4276
357 243 732 354 “unu-scu.
986 267 1060 369 643

149 439 355 524 personarum
378 455 414 498 ac
433 435 578 498 locorum
599 431 815 521 copiofiffimo.
839 437 986 500 Editione
998 440 1064 522 3tia

144 541 361 607 'emendatiori
394 557 426 603 et
457 540 662 627 locupletiori
691 539 730 602 ad
750 540 821 602 usus
846 540 990 627 publicos
1011 561 1064 604 re·

149 647 261 730 ducti,
292 663 422 710 curante
457 651 545 710 liure.
569 644 841 709 Gottlnstruvio.
875 644 1062 710 Ratisbonae

149 754 243 838 1726.
264 757 298 816 in
319 750 376 816 fol.

104 860 267 936 Reuberi
285 857 372 932 lusti
391 906 444 921 ..
462 857 618 921 Veterum
640 861 858 944 Scriptorum,
881 853 936 945 qui
954 857 1067 924 Cacsa-

148 984 219 1028 rum
248 955 537 1050 et'lmperat'orum
562 967 821 1027 Germanicorum
842 981 891 1045 ret
921 983 980 1050 per
1006 964 1065 1027 ali·
1144 947 1145 952 ἵ

148 1087 228 1154 quot
260 1070 384 1132 saecula
417 1068 516 1154 gestas
546 1069 647 1132 literis
683 1066 895 1146 mandarunt,
943 1070 1066 1129 Tomur

146 1191 227 1236 unus
244 1195 265 1236 a
287 1181 314 1246 J.
342 1173 487 1238 Reubero
515 1175 593 1236 olim
622 1173 752 1256 editur,
786 1171 878 1235 'nova
907 1171 965 1233 hac
996 1171 1065 1244 ccli·

146 1282 236 1340 tione
255 1277 425 1360 diligenter
445 1280 651 1362 recognitor,
677 1293 710 1340 et
730 1276 898 1352 luculentis
920 1270 1066 1340 acceffio·

146 1382 392 1466 nibue,auctur
434 1376 564 1445 curante
605 1387 744 1469 Georglo
788 1375 897 1450 Christ.
925 1385 1065 1454 loannis.

148 1490 343 1556 Francofurti
373 1489 488 1575 1726.
479 1489 611 1576 ιιιίοΙ.Ι
969 1473 979 1505 ⁸

104 1589 275 1670 schardii
303 1596 462 1670 Simonis
482 1641 531 1658 ..-
557 1597 758 1660 Historicum
765 1600 852 1681 Opus
878 1599 911 1659 ln
932 1601 987 1657 IV.
1001 1599 1065 1660 To·

147 1719 217 1762 mos
243 1699 400 1780 divilum,
424 1720 559 1785 quorum
583 1685 745 1766 Tomusl.
774 1705 964 1765 Germaniae
984 1704 1067 1764 anti·

109 1817 127 1836 ·‘
148 1827 230 1892 quae
250 1806 491 1868 illustrationem
512 1812 656 1872 continet
677 1827 738 1872 etc.
755 1814 796 1871 11.
824 1807 1067 1922 comprehendit
1168 1889 1171 1893 ἢ

148 1931 210 1993 ea,
246 1935 328 2000 quae
353 1914 445 1978 sub
436 1921 569 2003 tmperio
592 1919 698 1980 Caroli
720 1923 758 1979 V.
781 1918 921 1981 Caesarie
944 1890 1067 1980 accide-

149 2037 234 2084 runt.
265 2027 322 2084 lll.
341 2023 491 2086 Historias
514 2023 762 2110 complectitur,
786 2043 868 2109 quae
891 2041 1078 2110 evenerunt,
1101 2003 1104 2014 ⁸

82 2181 87 2196 ,
150 2130 434 2216 ingubernatione
456 2134 645 2196 Fetdinandi
668 2139 692 2195 1.
729 2137 809 2217 Imp.
842 2129 882 2192 ab
910 2127 1069 2216 an.1350

147 2241 298 2326 -1564,
333 2246 388 2304 IV.
409 2247 467 2304 Rer
490 2241 588 2328 gestat
611 2246 643 2304 in
665 2242 697 2303 se
719 2244 885 2321 continet,
919 2227 1001 2324 quae
1019 2240 1067 2302 in·

147 2363 310 2410 currerunt
346 2352 379 2409 in
402 2349 612 2411 Maximiliani
634 2352 673 2408 11.
699 2347 839 2410 Caesaris
873 2348 1067 2430 imperium3

150 2477 214 2518 una
235 2480 307 2540 cum
324 2463 470 2543 Epitoma
494 2478 623 2538 rerum,
647 2477 727 2540 quae
751 2455 807 2520 sub
825 2455 939 2518 eodem
962 2454 1069 2518 Caesa·

108 2569 115 2578 '
149 2561 244 2624 reah
280 2584 329 2628 an.
358 2559 597 2649 1565-1574.
622 2567 717 2628 variis
742 2567 772 2626 in
796 2562 886 2626 Orbis
915 2577 1069 2624 tertarum

150 2666 250 2752 plagit
277 2687 426 2756 peractae
455 2671 548 2752 sunt,
582 2691 654 2733 cum
687 2649 841 2753 Caralogo
874 2671 1068 2754 Scriptorum
1157 2721 1160 2726 .

148 2771 274 2854 lingulis
293 2779 403 2864 Tomis
427 2775 605 2862 praepofito
634 2791 665 2837 et
695 2773 803 2838 Indice
825 2770 1068 2860 locupletiffimo

152 2881 289 2959 adjecto.
312 2880 443 2945 Bafileae
465 2901 555 2966 1574.
578 2881 686 2946 insol.

105 2967 279 3061 Sc'hilteri
303 2987 361 3063 Jo.
392 3031 441 3046 -
477 2993 649 3074 Scriptores
677 3009 780 3054 rerum
810 2989 1068 3050 Germanicarum

149 3110 167 3153 a
191 3092 305 3153 Carolo
326 3098 373 3157 M.
395 3110 495 3177 usque
525 3093 566 3156 ad
597 3093 788 3157 Fridcricum
810 3097 865 3156 ΙΙΙ.
893 3090 1079 3166 ἱιιεΙιιῐὶιιειι

149 3200 265 3282 partim
300 3198 433 3280 denuo,
467 3198 631 3264 desiderati
663 3201 816 3265 hactenus
836 3204 867 3261 in
889 3196 1068 3280 Tabernis,

150 3306 267 3389 partim
291 3310 447 3370 auctiores
459 3311 632 3394 ,partim
628 3308 673 3372 de
695 3329 783 3373 novo
802 3313 833 3370 in
858 3329 957 3370 unum
973 3303 1068 3368 volu·

53 3403 56 3410 ’
149 3427 223 3470 men
242 3409 368 3474 collecti
391 3434 542 3476 unacum
567 3419 654 3477 omni
676 3435 710 3477 re
731 3414 935 3501 diplomatica
962 3409 1069 3472 rride-

141 3517 198 3603 rici
218 3516 300 3599 Imp.
318 3530 351 3576 et
372 3515 534 3582 indicibus
563 3517 843 3584 convenientibus.
873 3523 1068 3604 Argentora·
1085 3517 1088 3525 '

140 3623 167 3682 ti
188 3634 294 3702 1702.
298 3621 339 3682 in
359 3613 429 3684 fol.

595 3807 650 3886 Sl'
660 3775 692 3886 la·
894 3804 1027 3882 -·Stru·
1044 3899 1049 3908 ι
