2412 4282
344 283 737 370 PRAEFATIO.
898 311 1018 364 xxvrt
1058 411 1059 415 Ἴ

93 473 219 574 semper
242 471 462 554 custodiatur
475 493 702 580 cureturque
726 479 851 559 avitis
863 478 901 557 in
916 484 1023 560 theo·
1059 493 1061 500 ‘

93 621 139 704 ria
156 643 190 700 et
204 622 303 723 praxi
325 622 564 703 scientiarum
586 627 740 706 versatis
764 655 804 706 ac
820 628 1019 730 experien-

30 785 33 795 ·
94 762 141 840 tia
156 787 268 844 rerum
285 766 463 878 subactis3
491 785 531 845 et
550 753 656 868 stirps
680 767 844 849 familiae
865 739 1020 854 Szecirc·

91 911 227 1011 apianae
253 931 438 1013 perpetuo
466 911 650 1012 glorietur
674 913 767 993 viris
793 913 834 992 in
863 934 1019 1017 utraque

84 1055 248 1154 republica
269 1052 544 1143 eminentibusa
567 1079 653 1176 cunr
670 1055 813 1138 scilicet
833 1059 1019 1140 educatio·

81 1198 113 1276 ni
132 1197 254 1284 eornm
274 1203 464 1305 singularis
486 1227 602 1304 opera
622 1205 862 1308 impendetur
881 1212 923 1287 ab
946 1208 1017 1308 iis,

81 1343 132 1444 qui
160 1350 201 1425 ad
234 1332 485 1428 honorificum
521 1345 688 1430 officium
721 1351 880 1432 custodis
908 1351 1017 1449 hujus

77 1505 143 1568 tam
175 1494 335 1574 celebris
366 1495 613 1574 bibliothecae
654 1498 809 1578 eluctari
849 1500 1015 1601 cupient.

76 1632 346 1737 Quis'vellrum
367 1638 478 1720 amici
494 1659 572 1718 tam
593 1665 755 1741 coecus,
780 1661 932 1746 tamque
954 1647 1018 1722 ob.

21 1785 22 1790 ‘
74 1774 204 1859 binetus
243 1775 319 1859 elle
345 1777 486 1880 pollet,
524 1795 667 1862 utnon
691 1783 791 1860 ultro
819 1783 1015 1884 agnoscat,

75 1944 184 2008 cuncta
200 1934 296 2009 haec
320 1928 360 2005 in
377 1927 547 2008 Instituto
569 1924 677 2022 hujus
694 1926 942 2008 bibliothecae
961 1927 1014 2014 ita
1050 1959 1053 1967 ·

73 2091 266 2171 comparata
283 2067 384 2169 effe,
403 2087 446 2150 ut
458 2071 627 2170 publicae
644 2067 815 2150 utilitatis
834 2071 1013 2173 studium,
1081 2077 1089 2090 '

70 2235 167 2319 utque
191 2177 422 2303 tenerrimus
444 2217 484 2294 in
513 2216 672 2318 patriam
697 2239 803 2296 amor
822 2207 877 2296 errw
894 2219 1013 2318 lingu-

68 2353 108 2432 lis
129 2361 218 2441 bilce
244 2361 552 2462 dispositionibus¹
578 2363 750 2460 eluceat,
785 2357 880 2440 fastu
905 2359 1010 2440 omni
1112 2429 1114 2432 .
1144 2453 1146 2464 Α

67 2519 102 2580 et
118 2507 362 2622 ostentatione
387 2511 519 2609 procul
541 2509 731 2588 remotis?
766 2509 841 2586 Sed
864 2503 1011 2590 novilli-

63 2671 153 2730 mum
176 2657 294 2734 adhuc
320 2655 524 2755 producam
548 2651 739 2756 fingularis
770 2654 1009 2771 excellentis-

61 2797 130 2876 fimi
154 2801 315 2880 Comitis
340 2802 514 2882 solertiae
525 2813 541 2901 ‚¹
575 2821 616 2914 et
638 2799 936 2904 incomparabilia
967 2799 1007 2878 in

59 2953 289 3040 provehenda
325 2953 519 3036 literatura
550 2951 694 3053 patriae
731 2956 831 3052 zeli,
869 2966 1006 3058 quarto
1044 3013 1048 3019 -
1090 2959 1092 2970 '

58 3087 129 3170 luco
166 3117 445 3198 argumentum.
498 3099 580 3198 Jam
598 3097 646 3175 'in
682 3098 918 3199 praefatione
943 3100 1005 3177 do·
1138 3143 1146 3156 «

58 3233 194 3316 ctiffimi
220 3224 403 3344 simulque
428 3239 707 3320 mansuetiffimi
731 3239 830 3338 viri,
856 3239 1005 3318 interea

55 3379 94 3453 ad
116 3383 250 3481 gaudia
273 3385 494 3486 superorum
527 3384 714 3482 translati,
754 3382 868 3493 etiam
906 3384 1005 3462 meis

51 3520 167 3602 studiis
176 3525 273 3604 olim
282 3526 406 3618 amici,
425 3527 538 3608 blich.
554 3527 688 3627 Derris,
699 3509 905 3632 legebatur,
916 3549 1003 3628 pro·
1063 3543 1064 3546 ‘

51 3664 201 3758 mittere
232 3693 315 3748 exc.
336 3669 548 3773 Comitem,
576 3689 789 3757 armatarum
808 3671 869 3768 se,
894 3688 935 3750 ut
959 3671 1002 3750 li·

838 3812 947 3914 bris,
