2410 4276
209 271 286 383 276
533 379 535 382 ¹
637 272 773 380 ras..

206 497 384 524 ---
411 458 453 534 de
480 459 614 550 morbi,
641 469 740 561 quem
766 431 1170 536 aer'rousubllantudo·

141 667 142 672 ἵ
256 593 328 663 rrius
351 591 501 686 peragit,
531 590 731 686 cognitione
753 580 850 684 Disp.
876 589 936 658 111.
954 581 1053 687 Relp.
1069 589 1169 677 Joan·

254 737 298 784 ne
323 709 542 783 Armbruller.
570 708 653 786 ibid.
679 709 756 783 eod.
785 704 1013 806 1596.f01.4.

204 873 377 892 -----
402 832 444 905 de
466 829 587 907 eodem
609 829 704 934 Disp.
722 839 783 912 IV.
811 831 911 936 Relp.
926 837 1072 934 Daniele
1088 837 1171 908 Sen-

254 977 362 1032 nerto.
388 956 472 1032 ibid.
501 955 579 1030 eod.
606 953 667 1030 fol.
693 983 726 1050 4.

70 1143 73 1158 .
204 1121 381 1140 -·-···-
418 1078 462 1153 de
496 1085 651 1168 morbis,
685 1105 768 1182 quoa
787 1104 914 1154 venena
939 1081 1025 1152 intre
1043 1093 1191 1178 corpue'

253 1199 359 1276 sumta
399 1208 535 1305 cognita
575 1223 608 1274 et
644 1209 778 1276 occulta
809 1208 965 1304 qualitate
1004 1202 1169 1278 efficiunt.

254 1315 347 1424 Disp.
379 1329 419 1398 V.
457 1322 551 1428 Relp.
579 1330 597 1417 J
603 1327 704 1401 reobo
729 1331 897 1401 Praetorio
915 1329 1056 1401 Livone.
1083 1323 1168 1400 ibid.

254 1445 332 1524 eod.
353 1443 414 1523 sol.
436 1474 471 1541 4.

202 1613 381 1634 -·---
418 1571 461 1647 de
502 1577 644 1664 morbis,
684 1599 768 1676 quoa
803 1598 931 1649 venena
966 1567 1169 1646 extrinsecus

255 1693 364 1772 morlo
393 1704 503 1770 ictnve
524 1705 613 1772 illata
628 1705 856 1774 committunt.
885 1692 978 1798 Disp.
991 1701 1052 1775 Vl.
1065 1693 1168 1800 Resp,

253 1827 346 1920 Eaaja
367 1824 457 1896 Kher
481 1827 610 1896 Vratirl.
638 1821 765 1898 Silel‘ro.
787 1820 867 1896 ibid.
890 1822 971 1898 eod.
991 1816 1056 1899 sol.
1076 1850 1112 1906 4.

200 1985 376 2009 -α-
402 1947 444 2016 de
478 1949 588 2020 morbi
619 1949 739 2022 Gallici
772 1943 1036 2046 investigatione.
1071 1941 1167 2048 Disp.

209 2090 210 2097 ’
253 2077 328 2147 Vll.
368 2063 468 2172 resp.
503 2068 625 2145 Basilio
656 2075 775 2146 Plinio.
816 2067 900 2145 ibid.
942 2095 1031 2164 1597·
1068 2074 1104 2145 in
1133 2097 1168 2164 4.

250 2190 312 2269 fol.
341 2217 372 2284 4.

202 2355 379 2377 α--υ-
407 2313 447 2388 ad
474 2313 687 2391 Sdenconem
715 2316 935 2393 Adalbertum
963 2318 1168 2417 Poppelium

252 2447 419 2514 Batonem
440 2439 682 2514 Lobcoviciuru
709 2447 885 2529 Boemnm,
907 2465 983 2514 curn
1007 2439 1167 2542 polldin·

171 2601 176 2608 ·
227 2563 382 2637 'turoam
416 2569 716 2664 peregrinationem
739 2569 876 2638 Patriam
898 2583 1061 2664 repeteret
1090 2568 1167 2636 Ele·

251 2693 317 2789 gia.
355 2725 407 2740 -
444 2685 599 2782 Ejusdem
630 2694 664 2764 in
689 2689 836 2763 Laudem
862 2692 973 2788 Regni
1001 2693 1183 2765 boemiae.

252 2809 294 2884 ad
320 2813 463 2888 Maxim.
481 2815 671 2884 lireinerum
689 2813 890 2885 Aullriacnm
915 2813 1161 2892 Hexametron.
1180 2830 1182 2925 ἱ

252 2937 373 3009 Patavii
405 2934 492 3035 apud
524 2937 737 3009 Laurentium
775 2939 969 3035 Paaquatum
1010 2944 1180 3030 1590.1·nr

253 3083 283 3150 4·
305 3053 365 3140 for.
393 3083 424 3149 r·
658 3047 662 3055 ⁴

200 3219 373 3242 --·-
398 3188 437 3255 In
463 3184 586 3255 Aurelii
607 3184 710 3254 Corn.
737 3178 825 3255 Calli
847 3185 955 3281 Caput
977 3189 1031 3258 26.
1053 3185 1118 3262 lib.
1134 3212 1166 3277 7.

251 3299 387 3379 Calculi
404 3304 529 3379 velicae
555 3329 656 3376 mauu
672 3300 830 3376 demendi
843 3311 1007 3379 rationem
1022 3325 1170 3380 tractans

252 3431 531 3502 Commentarius.
559 3423 655 3528 Resp.
680 3427 860 3499 Valentino
874 3431 993 3501 Mario
1007 3427 1153 3504 Ascanio

252 3555 482 3654 Witteber·gae
503 3553 615 3652 Typit
644 3554 740 3640 Joan.
764 3554 919 3653 Cratonis
943 3560 1043 3630 1600.
1062 3559 1102 3629 in
1130 3581 1150 3647 4

250 3669 312 3750 fot.
328 3699 388 3749 aa.

1065 3798 1113 3876 de
