2412 4282
343 259 350 280 ·
410 248 694 328 AD-ADA.
1009 267 1037 349 7
1119 357 1123 365 1

85 443 135 514 Au
157 435 378 514 Cellissimum
413 441 446 512 S.
479 443 519 514 Ra
557 441 584 511 1.
618 440 804 538 Principem
831 438 1032 514 Nacouaou

131 546 389 648 Enati-:alliun
432 560 514 634 dum
541 567 577 634 in
609 566 806 660 Supremum
833 567 859 639 1.
885 565 1037 634 Comita-

135 683 417 787 tuaSopronicnsu
433 690 603 760 Comitem
620 684 857 764 iullallaretur:
887 692 1034 759 Auctore

137 811 170 883 L.
193 813 224 884 S.
244 809 287 882 de
315 814 347 882 S.
376 811 518 905 (Lazaro
542 808 705 886 Somffich
731 809 773 884 de
790 806 913 905 sind.)
940 813 1034 904 1794.

134 930 493 1026 elinafolu,
1036 1026 1038 1038 ,

81 1060 129 1132 llo
150 1062 335 1136 Excateoe
363 1061 571 1147 Paeonas,
613 1061 760 1150 inclytos
786 1061 893 1131 Statue
918 1072 950 1132 et
974 1060 1038 1148 Or·¹

128 1181 222 1255 dines
246 1206 308 1280 pro
325 1177 468 1258 Honore
494 1189 703 1271 Comitatus,
729 1178 785 1258 seu
808 1178 952 1281 supremi
968 1183 1037 1252 Co·

125 1309 216 1380 mitit
241 1311 392 1407 Perpetui
406 1310 554 1397 Officio,
580 1310 829 1405 Episcopatibue
854 1307 1034 1408 illegaliter

122 1425 273 1530 spoliatis
296 1435 331 1506 iu
354 1437 523 1535 integrunt
547 1430 759 1510 restituendo.
786 1460 812 1516 e.
835 1430 972 1527 1191,
998 1432 1035 1502 iu

128 1571 157 1640 8.
184 1579 266 1657 pag.
288 1579 329 1644 13.

80 1684 201 1753 Auunci
236 1686 415 1752 Aunuuna
444 1674 608 1756 Pannonii
634 1679 837 1756 Bettufienfis
859 1720 912 1738 -
950 1674 1034 1754 Diss]

123 1808 237 1906 inaug.
271 1802 363 1876 med:
389 1805 544 1877 exhibent
563 1823 690 1903 partem
712 1810 841 1878 tertiam
864 1807 1036 1877 Formula·

122 1953 209 2005 rum.
236 1927 473 2008 Vindobonae.
511 1931 623 2028 Typie
638 1932 733 2022 Joan.
747 1930 908 2028 Tlpomae
921 1926 1035 1999 Ttatt·

15 2093 20 2162 t
121 2077 179 2124 ner
201 2059 294 2138 1761.
319 2059 355 2125 in
384 2071 415 2140 8.
435 2077 512 2154 pag.
532 2079 591 2146 90.
1011 2051 1016 2058 ’

79 2173 195 2248 Aoum
227 2181 505 2250 Cunusuoauom
528 2172 693 2277 sempron.
714 2176 837 2276 Hung.
856 2219 908 2258 ‚-
933 2175 1034 2246 Exer-

127 2303 241 2372 citatio
266 2304 349 2390 Jurit
370 2301 497 2400 publici
519 2299 561 2372 de
578 2301 759 2374 Nobilitate
781 2302 920 2384 virtutis,
942 2300 1034 2371 Prae·

123 2417 189 2493 lide
216 2426 340 2496 Butch.
373 2427 481 2496 Heut.
517 2426 715 2502 Tilemano.
783 2425 883 2514 Jcnae
917 2423 1034 2496 Literie
1127 2461 1131 2474 ·

120 2542 380 2626 Bauhofetianis.
408 2554 502 2634 1668.
529 2554 564 2622 in
586 2575 620 2644 4.
646 2553 736 2650 plag.
759 2553 791 2621 6.
853 2561 856 2570 '

76 2671 197 2746 ,Anam
225 2671 384 2758 Joaume
410 2712 462 2728 -
487 2674 727 2774 Fragmentum
748 2671 1031 2744 statillicaeGrae·

123 2817 242 2866 corum
276 2794 319 2866 de
344 2792 528 2896 Disciplina
554 2815 587 2869 et
622 2793 817 2868 educatione
837 2797 1033 2884 Juventutis.
1077 2847 1080 2854 .
1176 2827 1183 2836 ¹

122 2911 260 2989 Posonii
277 2920 396 3027 Typie⁸
409 2922 642 3058 Juanuithp.
664 2913 808 2994 Schauff.
835 2936 921 3005 1801.
948 2921 985 2989 in
999 2931 1031 3003 8.
1052 2973 1054 2976 -

122 3067 201 3142 pag.
229 3049 286 3118 60.

79 3199 189 3228 --
203 3163 418 3259 ...systema
441 3161 788 3267 Antiphilosoplticum
822 3160 865 3236 de
895 3165 1032 3264 origine

126 3294 295 3367 Civitatis.
348 3284 481 3363 Posonii
509 3295 620 3392 Typie
651 3295 745 3382 Joan.
774 3290 860 3387 Nep.
885 3280 1032 3370 Schauff.

127 3433 220 3504 1801.
246 3420 283 3490 in
304 3432 335 3501 8.
356 3425 431 3515 maj.
458 3443 535 3520 pag.
562 3434 621 3512 82.
