2412 4282
327 301 716 390 ennurnvto.
925 332 1010 436 ,nr
1119 274 1127 284 ’

49 495 149 582 nonin
168 491 368 596 impressos
392 493 508 575 libros
533 514 740 597 venantur,
774 503 1009 614 eosdemque
1104 585 1107 594 ,
1182 567 1183 576 n

50 639 308 746 elegantissima
329 642 490 746 ligature
508 637 639 724 vestiri
657 663 805 744 curent,
833 668 873 726 et
886 653 1010 735 curio·

47 790 89 868 lis
116 788 328 888 spectandos
355 785 558 888 exhibent,
586 785 689 870 usum
719 811 845 910 eutem
871 821 1006 880 eorun-

49 933 126 1010 dem
142 933 355 1034 deuegnnt,
375 917 427 1010 ne
446 931 543 1016 liber
563 935 641 1034 ipse
660 937 726 1014 vel
742 935 899 1038 ligatura
925 940 1007 1038 ejus

50 1078 311 1158 detrimentum
336 1075 510 1178 patiatur.
550 1083 676 1161 Luxus
700 1079 808 1163 hicce
831 1084 1003 1168 librarius

49 1222 118 1324 quia
141 1223 233 1303 artis
261 1223 558 1330 typographicae
588 1224 822 1329 progressum
852 1255 1005 1334 promo·

49 1386 122 1468 vet,
156 1368 295 1471 utique
330 1371 516 1451 severiori
550 1370 669 1450 etiem
690 1369 806 1466 judici
830 1379 1002 1486 probabi.

49 1529 111 1591 tur:
136 1535 342 1614 ceterum,
382 1519 408 1595 fi
434 1519 477 1597 ad
504 1516 673 1618 publicae
698 1518 870 1599 utilitatis
896 1547 1002 1606 men.

47 1656 150 1740 suram
187 1660 390 1764 exigatur,
428 1661 610 1766 peculiari
625 1707 634 1712 -
651 1661 827 1758 encomio
867 1669 1002 1776 dignus
1042 1761 1068 1770 .,

46 1805 126 1886 hun
151 1811 223 1890 est.
551 1803 554 1810 ’

133 1951 315 2058 Denique
341 1956 424 2036 suut
448 1954 550 2034 inter
572 1954 740 2056 privatos
762 1955 1002 2044 bibliothecu-

47 2116 113 2176 rurn
136 2099 358 2182 conditores
369 2158 391 2202 ,Α
421 2100 552 2206 quise
590 2101 636 2182 nd
665 2119 813 2182 certum
845 2107 1002 2208 quidem

46 2241 211 2326 scientiae
232 2269 352 2348 genus
372 2270 455 2351 egr.
472 2249 518 2326 ad
532 2269 595 2326 res
607 2246 744 2348 patrias
756 2249 1004 2355 restringunt,

46 2411 163 2470 verum
181 2413 272 2472 rem
290 2395 470 2472 hnnoline
489 2395 685 2490 methodo,
699 2411 843 2474 matura
862 2397 1003 2480 delibe-
1036 2415 1041 2432 ⁸

45 2533 171 2618 ntlone
197 2537 337 2636 defixa,
362 2557 425 2618 aut
444 2539 523 2617 sune
543 2537 678 2618 notitia
696 2537 915 2621 literaturae
929 2543 1000 2629 suf·

46 2674 199 2784 ficienti,
228 2685 360 2785 opibus
387 2684 481 2764 licet
507 2682 788 2785 suppetentibus
813 2703 999 2791 tractant,
1126 2797 1128 2804 Ι

45 2845 98 2904 net
127 2831 178 2908 ad
205 2827 298 2909 illud
326 2827 518 2931 fastigium
543 2827 701 2909 eluctari
725 2827 916 2930 satagunt:
957 2854 1000 2920 ut

43 2991 191 3076 nempe,
220 2993 401 3080 quantum
424 2972 510 3052 lieri
538 2975 684 3074 potest,
724 2975 874 3074 omnia,
902 3003 998 3081 quae

42 3119 76 3195 nd
95 3121 248 3223 patrius·¹
266 3144 332 3202 ret
361 3121 588 3204 illustrandas
618 3117 784 3217 faciunt,
819 3123 897 3202 five
917 3121 995 3220 jorn

41 3263 127 3346 edita
153 3269 249 3366 snnt,
274 3267 364 3348 five'
391 3265 507 3348 adhuc
533 3264 573 3342 in
598 3247 714 3344 MStis
741 3266 901 3368 lateant,
929 3267 996 3348 sol,

40 3405 131 3491 licito
145 3412 266 3492 studio
282 3413 515 3516 conquirant.
542 3406 770 3511 Longilsrme
786 3411 886 3490 abest
898 3435 993 3492 arne

41 3557 90 3632 vel
109 3555 258 3658 species
274 3536 454 3656 vituperii
474 3559 610 3648 horum
631 3556 823 3642 virorum;
856 3555 994 3656 gratius
1059 3631 1063 3641 .

42 3699 154 3792 potino
175 3700 251 3786 illis
273 3701 444 3785 omniun
466 3700 702 3784 eruditorum
722 3698 879 3781 nomine
895 3719 1013 3782 neos*

858 3833 939 3922 ‘effe
1039 3917 1048 3942 ,
