2412 4282
347 223 735 327 PRAEAEATIO.
783 339 785 347 Α
911 256 1015 324 una

73 421 186 519 jectirs
206 417 288 498 se'se
305 416 367 496 alii
387 419 649 517 prosternunt3
675 441 746 498 nec
769 419 894 524 liquis
907 424 1019 538 aliter

74 595 109 648 ac
129 567 182 646 ille
206 563 364 660 sentiat,
385 562 689 664 ¹sententiamque
702 567 870 645 modeste
884 569 1019 672 depro.
1137 596 1141 608 ,

72 728 156 808 mat,
173 709 418 809 exasperatur.
446 710 577 809 Longe
590 709 688 786 abest
701 710 743 786 ab
764 707 915 824 illorum
936 718 1016 800 sen.

76 857 194 954 tentia,
222 856 287 958 qui
309 841 477 934 eruditos
498 857 611 934 rebus
630 853 670 932 in
694 854 884 955 republica
906 885 1017 962 agen.
1090 857 1096 864 ’

69 1005 119 1084 dis
142 1003 507 1108 administrandisque
539 1003 696 1084 idoneos
720 1007 815 1085 hand
842 1003 915 1088 elle
939 1012 1019 1094 exi-

64 1150 221 1234 stimme
247 1145 457 1252 longissime
481 1163 609 1227 autem
632 1151 675 1227 ab
688 1148 841 1230 illorum
863 1153 1024 1238 demea·

63 1295 134 1391 tia,
166 1292 230 1395 qni
256 1315 325 1410 per
347 1293 476 1370 literas
508 1308 547 1370 et
575 1291 746 1372 scientias
775 1292 1018 1386 fundamenta

58 1437 280 1540 reipublicae
293 1463 368 1516 non
378 1437 519 1516 firmari
530 1438 591 1516 sed
603 1437 731 1516 suffodi
744 1437 807 1518 fibi
836 1445 1020 1540 persuasa.

55 1610 110 1664 re.
136 1582 248 1661 Multi
259 1579 498 1661 'eruditorum
509 1580 774 1660 liberalitatem
792 1591 1022 1696 generatae

52 1749 207 1830 temque
230 1724 312 1821 ejus
338 1725 485 1826 experti
500 1727 603 1815 sunt;
631 1725 789 1804 clientes
803 1727 901 1828 suos,
921 1758 1015 1836 quos

50 1870 255 1976 perspicaci
275 1875 385 1952 oculo
405 1871 468 1954 sna
491 1868 625 1949 fiducia
647 1869 764 1948 semel
779 1874 1016 1957 honorandos
1126 1913 1129 1921 ¹

48 2019 156 2098 duxit
165 2076 179 2119 ,
206 2043 284 2096 non
309 2017 466 2119 amplius
492 2015 653 2115 deserit,
690 2017 763 2095 ne'c
796 2015 1015 2106 invidorum

45 2161 384 2244 obtrectationibus
400 2162 593 2242 immolat:
620 2160 780 2240 aliorum
807 2160 922 2276 etiam
938 2163 1016 2244 for-

42 2320 181 2386 tunam
203 2305 266 2387 ubi
292 2309 439 2406 potest,
473 2323 701 2408 promovet,
728 2303 898 2422 nemini?
926 2335 1016 2414 quo·

39 2476 199 2556 cunque
218 2454 341 2530 laesae
364 2451 564 2550 philautiae
581 2452 793 2549 l'ubtitu10,
819 2454 963 2538 nocuit.

144 2596 255 2674 Haec
276 2595 329 2674 ita
346 2599 517 2694 locutus,
537 2596 616 2676 vidi
630 2597 771 2676 amieos
790 2621 924 2679 omnes
937 2601 1014 2680 ani-

34 2761 350 2839 mocommotos‚
363 2741 567 2843 etpedibus
577 2741 821 2845 manibusque
834 2743 873 2820 in
883 2769 1013 2828 meam

30 2883 275 2962 sententiam
302 2904 447 2966 euntes.
489 2883 667 2964 Interesse
691 2905 940 2986 putaverunt,
967 2906 1009 2970 ut

28 3053 133 3129 quae
148 3028 202 3114 de
217 3028 371 3111 caritate
383 3029 540 3131 patriae,
552 3028 920 3110 debibliothecarum
934 3031 1007 3131 pri-

27 3193 223 3252 vatarum
234 3169 539 3255 instituendarum
551 3175 714 3272 ratione,
726 3176 771 3253 de
785 3174 1010 3254 bibliotheca

23 3315 279 3416 regnicolari
294 3318 572 3421 Szechenyiana
590 3311 1009 3412 commemoraveram,-

22 3460 190 3538 chartis
200 3463 390 3558 mandem,
404 3481 443 3540 et
458 3479 544 3543 cum
556 3464 744 3564 republica
758 3463 920 3544 literaria
932 3485 1013 3558 ope

22 3607 537 3705 typorumcommunicem.
548 3611 633 3690 Hoc
649 3603 1010 3734 cumillis'pollicitut

765 3737 1066 3833 bias

1199 1470 1201 1520 l
