2412 4282
333 231 726 342 auhurarro.
965 283 1009 336 aa

70 546 73 557 ι
151 411 381 544 Apparatum
391 443 588 545 librorum,
611 471 726 550 quern
746 448 1014 530 bibliothecam

68 592 241 686 rotimus,
266 561 432 670 struendi
461 590 641 692 cupiditas
656 611 696 670 et
724 595 832 672 ardor
857 593 895 674 in
922 596 1013 672 Ger-

69 729 178 808 mania
198 731 423 832 potiffimum
449 740 628 840 exemplo
656 737 904 820 bibliothecae
924 737 1013 816 G‘ota

73 870 228 976 tingenlis
263 879 356 962 inde
393 910 413 962 a
448 867 623 984 ternpore
659 881 884 962 immortalis
914 881 1014 980 viri,

69 1022 112 1099 Μ.
124 1022 207 1105 Brit.
210 1027 336 1128 Regis
356 1027 563 1108 Confiliarii
579 1022 702 1110 Status
715 1024 843 1106 intimi
863 1027 1015 1108 laracn-

67 1166 182 1248 hausen
200 1189 353 1252 erectae
375 1191 415 1250 et
437 1173 476 1254 iu
500 1175 581 1256 dies
598 1175 865 1276 amplificatae,
893 1171 1015 1292 inpa-

70 1311 128 1390 tria
149 1318 273 1394 nostra
298 1321 478 1421 exemplo
504 1320 622 1400 etiarn
650 1314 927 1400 aestimatiffimi
951 1342 1016 1424 no-

68 1458 121 1536 ilri
145 1460 365 1564 popularis,
391 1469 432 1544 C.
459 1469 542 1544 Car.
572 1462 751 1576 Revirzki
781 1461 1015 1544 reviviscere

66 1606 188 1708 coepit
230 1608 416 1715 Quisquis
439 1631 585 1692 tantum
612 1609 777 1712 profecit
802 1608 841 1686 iu
866 1605 1015 1703 literis,

68 1771 102 1830 ut
122 1752 376 1870 neceffitatcm
410 1772 450 1832 et
475 1755 680 1842 utilitatem
704 1756 1015 1838 bibliothecarum
1044 1735 1048 1742 ¹

65 1896 128 1974 rite
147 1898 276 1978 metiri
300 1894 425 1999 poffit;
452 1902 638 1980 concedet
661 1903 761 1982 ultro
772 1925 792 2001 ‚¹
812 1921 946 1982 omnes
961 1901 1016 1981 bi·
1065 1912 1070 1942 ⁴

64 2017 322 2125 bliothecarum
346 2044 643 2148 colligendarum
657 2050 934 2152 qualescunque
955 2072 1016 2126 co·
1097 2157 1101 2171 x

61 2205 152 2266 natus
175 2192 281 2270 suam
307 2190 457 2270 laudem
470 2210 510 2272 et
521 2192 830 2294 approbationem
852 2191 1016 2274 mereri:

63 2330 227 2433 largietur
255 2352 385 2414 tamen
413 2335 553 2436 etiam,
581 2337 771 2420 diversum
801 2337 875 2420 elle
906 2341 1017 2418 debe·

63 2495 101 2554 re
122 2437 232 2584 liudis
261 2473 370 2574 hujus
392 2505 461 2583 pro
484 2482 699 2566 diverlitate
724 2482 939 2582 hujusmodi
964 2481 1016 2562 bi-

61 2623 322 2706 bliothecarum
343 2628 498 2718 modum
526 2647 567 2709 et
587 2646 776 2710 tenorem.

85 2799 88 2804 ·
147 2773 274 2854 Fuere
294 2772 510 2854 conditores
530 2773 841 2857 bibliothecarum
861 2769 1013 2876 privati,

59 2916 114 3020 qui
153 2919 302 3000 nonnifi
342 2917 504 3000 claliicos
545 2941 694 3002 autores
737 2917 1013 3024 congerendo,

62 3085 186 3144 omnes
197 3064 335 3145 Graeci
358 3067 423 3146 vel
445 3063 569 3146 Latini
587 3063 788 3166 Scriptoris
811 3062 1013 3154 editiones,

59 3204 226 3308 inprimis
251 3231 380 3291 tamen
411 3207 627 3311 principes,
653 3208 786 3289 nitidas
810 3207 933 3304 item,
974 3222 1014 3282 et

57 3349 171 3434 forma
199 3373 385 3456 typorum
408 3373 470 3436 aut
490 3352 619 3456 figuris
646 3313 865 3434 aeii'incifis
887 3351 1013 3430 excel·

54 3495 170 3588 lentes
195 3463 423 3606 conquirere
450 3525 473 3580 e
501 3498 656 3580 diversa
680 3500 851 3602 Europae
869 3491 1013 3596 angulis
1090 3513 1092 3520 ¹

56 3641 276 3750 satagebant.
353 3645 461 3748 Non¹
490 3642 741 3748 negaverim,
799 3641 1013 3748 philologos

257 3783 262 3795 ’
731 3813 733 3820 ·
884 3782 962 3866 stri·
