2432 4276
165 250 244 355 624
588 247 700 326 ZIM.

80 485 86 496 ·
164 441 323 516 Ztuiutt
350 440 437 514 Luu.
480 441 563 514 aS.
600 441 634 509 P.
671 483 723 496 -
773 437 884 507 Funus
922 434 1136 536 sigismundi
1191 435 1196 456 '

216 557 322 637 Otosz
346 551 521 660 Praepositi
543 587 601 660 per
628 563 742 656 Hung.
768 575 801 630 et
813 550 1001 651 'Traniylu
1027 563 1136 632 Scho-

67 715 73 744 t
216 691 274 759 lar.
297 690 380 758 Piar.
400 686 627 761 Provincialt'a.
658 699 745 772 1782,
775 708 802 760 s.
823 691 845 756 l.
871 687 906 754 in
927 699 958 767 8.
983 678 1046 782 fol.¹
1065 711 1095 778 5.

62 835 75 904 Ι·
166 850 342 876 ---
372 812 490 882 Oratio
513 804 554 880 de
569 803 735 878 Laudibus
756 825 818 877 etc.
844 801 1135 904 JosephiBajzaith

218 931 261 1006 de
290 927 409 1036 Peizak
441 949 506 1008 etc.
547 927 702 1028 Episcopi
745 925 1033 1027 Weszprimienfis
1069 951 1136 1002 etc.

217 1063 255 1130 iu
282 1062 348 1150 ejus
372 1053 589 1128 Parentalibus
616 1051 657 1123 ad
682 1050 772 1124 diem
797 1056 855 1124 ΙΙΙ.
876 1052 1044 1124 Kalendas
1057 1045 1138 1126 Ma·

220 1187 265 1277 jas
288 1197 379 1265 1802.
408 1173 477 1254 etc.'
503 1179 628 1252 habita.
685 1171 883 1275 Veszprimii
913 1177 1029 1275 Typia‘
1064 1180 1136 1248 Mi-

222 1307 345 1374 chaeiit
370 1305 533 1374 Sammer.
563 1316 657 1384 1802.
685 1305 720 1372 iu
746 1294 810 1376 fot.
832 1303 930 1406 plag.
956 1327 1013 1391 7„

171 1429 436 1503 Ztuuattuauta
462 1429 650 1499 Matutae
677 1427 786 1522 Eperj.
808 1425 926 1524 Hung.
954 1469 1007 1486 -
1047 1429 1140 1498 Con·

169 1641 174 1648 ι
220 1547 366 1626 fessionis
401 1553 675 1641 Calvinianorum
710 1553 746 1620 in
784 1549 967 1646 Colloquio
997 1549 1139 1621 Thorn-

223 1673 329 1751 nienst
352 1679 451 1748 Anno
472 1679 560 1765 1645.
582 1671 745 1743 exhibitae
761 1676 915 1743 articulus
929 1676 988 1745 tv.
1015 1670 1059 1742 de
1074 1675 1142 1744 Re·
1204 1677 1205 1682 ’

101 1841 106 1848 ·
224 1798 411 1885 demtione,
436 1793 677 1886 Jussificatione
703 1814 735 1867 et
758 1793 1044 1872 Sanctificatione.
1074 1799 1141 1870 Sub

225 1918 392 1997 Praesidio
430 1923 526 2008 Joan.
568 1915 801 1996 Hatsemanni.
878 1914 1006 2018 Lipfiae
1047 1928 1142 2013 1650.

226 2046 339 2145 Typis
361 2040 494 2116 haered.
522 2039 613 2117 Ftid.
640 2039 831 2146 Lanckiscit.
857 2047 938 2133 in4.
966 2037 1031 2116 tot.
1047 2069 1103 2133 4²·

126 2183 128 2192 '
175 2207 347 2230 —-·-
373 2159 549 2240 discessum
585 2169 620 2240 in
655 2172 808 2241 Patriam*
830 2160 939 2238 faustis
976 2173 1141 2238 omnibus

227 2285 469 2393 prosequuntur
495 2293 640 2364 Gelliani
663 2297 752 2386 1650.
794 2288 923 2391 Lipfiae
939 2291 1144 2392 Typishae·
1205 2269 1206 2306 i

229 2414 299 2487 red.
326 2415 505 2488 Timothei
530 2411 649 2486 Honii.
677 2419 765 2504 in'4.
789 2409 852 2487 fol.
880 2441 911 2505 4.

143 2527 147 2542 ’
179 2576 358 2601 ----·
381 2539 562 2611 Gemeinet
589 2535 667 2609 Stad
690 2531 902 2610 Aufnehmen
927 2555 992 2614 etc.
1019 2564 1074 2610 am
1100 2559 1143 2628 15·

232 2664 441 2760 lanuarstage
464 2657 520 2732 dee
547 2665 638 2751 1654.
662 2662 764 2747 Jahn,
793 2659 835 2730 da
851 2662 946 2731 uach
969 2657 1141 2732 vollende·

233 2803 290 2856 ten
315 2778 535 2855 Gottesdienss
559 2783 594 2855 L.
610 2786 645 2854 L.
661 2785 696 2856 L.
709 2785 771 2858 W.
785 2787 829 2858 Ο.
843 2787 905 2859 W.
927 2784 1012 2855 Rath
1033 2787 1069 2856 in
1084 2780 1145 2854 det

234 2910 366 3006 konigh
396 2909 531 2999 freyen*
562 2904 655 2979 Stadt
687 2907 832 3006 Eperjee
860 2924 1034 2980 verueuert
1074 2904 1146 2978 und

235 3021 406 3132 bess'a'tiget
462 3027 625 3115 worden,
694 3027 903 3124 vorgessellet
957 3048 1025 3107 etc.
1082 3032 1146 3101 Ge·

237 3151 355 3226 druckt
376 3159 411 3226 in
424 3147 607 3227 Leutschau
628 3158 698 3246 bey
717 3156 846 3228 Lorenz
863 3157 1034 3227 Breuem.
1056 3157 1093 3226 in
1109 3177 1144 3249 4,

237 3271 302 3352 fol.
325 3283 374 3356 16.
1028 3279 1031 3284 ’

187 3400 433 3476 Z1uoaow1cz
468 3406 660 3475 Battum..
710 3393 851 3477 Con'sul.
890 3401 1060 3500 Leopolit.
1100 3431 1151 3457 -α

239 3526 396 3622 Leopolis
421 3521 550 3598 Ruffiae
575 3528 776 3625 Metropolis
803 3551 821 3596 a
845 3524 996 3610 Tarnis,
1032 3524 1150 3596 Tarta·

238 3648 283 3718 tie
298 3700 308 3735 ,
335 3643 467 3722 Cosacie
480 3703 492 3738 2
528 3650 697 3728 Moldavie
723 3674 811 3724 anno
834 3651 922 3726 MD
937 3652 966 3722 C
979 3650 1007 3719 L
1019 3650 1049 3718 X
1062 3649 1092 3717 X
1103 3649 1148 3722 tt.

304 3797 306 3804 ·
1000 3759 1122 3848 hodi-⁸
