2412 4282
167 281 224 332 u
450 187 878 332 enarrarre

165 444 305 529 veniae
318 437 572 538 dicasterialis)
587 439 825 541 conflatoris,
838 443 1053 546 hospitium,
1068 445 1117 526 vi-

168 611 272 687 ctos,
298 607 450 666 ceterae
474 587 577 666 vitae
602 587 888 670 commoditates
920 559 1119 670 liberaliter

169 761 212 818 et
238 760 306 838 pro
338 732 468 836 genio
484 731 738 830 hospitalitatis
762 735 997 836 Hungaricae
1019 753 1120 836 prae·

169 885 364 961 staremus.
400 876 529 954 Facilis
546 875 717 975 inprimis
739 879 938 959 nahiston
955 903 1023 980 pro
1044 903 1122 958 eru·

173 1027 275 1124 ditis,
298 1020 516 1124 pracsertim
543 1021 605 1100 illa
627 1025 744 1100 edere
766 1025 993 1126 volentibus,
1019 1025 1122 1114 usum

171 1198 243 1252 nec
263 1168 381 1270 gloria
392 1164 638 1246 bibliothecae
654 1169 747 1245 adeo
762 1166 801 1244 in
814 1192 973 1247 numero
986 1173 1123 1250 blStor.

172 1315 425 1410 ineditorum,
447 1337 556 1414 quam
566 1311 605 1390 in
620 1333 779 1393 numero
796 1313 977 1394 librorum
997 1315 1125 1396 exstris

117 1447 120 1458 ¹
174 1443 291 1540 MStis
307 1456 497 1536 editorum
518 1476 727 1559 quaeratur.
765 1430 928 1538 Eruditis
951 1459 996 1552 ad
1015 1459 1127 1559 publi-

173 1629 257 1716 cam
283 1601 553 1682 notorietatem
578 1604 625 1680 de
654 1603 847 1684 literatura
869 1601 1010 1701 patriae
1023 1606 1127 1688 ,bene

175 1747 409 1829 merentibus
443 1767 484 1826 et
515 1749 562 1824 de
599 1744 785 1845 probitate
809 1746 868 1825 lua
891 1747 1013 1846 notis,
1040 1768 1129 1848 ergo

175 1888 480 1992 recognitionem
514 1885 762 1984 scriptotenus
798 1886 1130 1988 interponendam,

173 2059 267 2114 unus
292 2035 437 2110 alterve
467 2028 563 2110 liber
586 2029 730 2129 rarior,
756 2052 818 2112 aut
837 2035 985 2114 lllStum
1015 2033 1133 2114 etiam

96 2167 111 2234 ἶ
176 2183 221 2260 ad
248 2184 365 2259 breve
391 2175 540 2280 aliquod
564 2191 713 2286 tempus
744 2176 951 2258 liberaliter
978 2167 1133 2258 domum

178 2325 414 2412 concedatur.
1064 2327 1065 2332 ‘

191 2567 193 2574 Ι
280 2463 431 2544 Videtis
446 2467 581 2566 antici,
607 2492 680 2570 quo
703 2491 767 2548 me
791 2468 921 2566 ardor,
948 2483 989 2546 et
1009 2467 1135 2568 lacer,

176 2628 219 2691 ut
239 2611 290 2691 ita
311 2612 684 2713 dicam‚‘literaturae
698 2615 804 2698 furor
824 2615 1049 2716 abripuerit3
1076 2640 1138 2696 re·

128 2767 135 2776 '
175 2781 308 2844 vertar
341 2782 468 2844 tamen
497 2763 574 2861 jam
603 2792 670 2868 eo,
709 2769 807 2847 unde
830 2761 1006 2868 digrellus
1030 2764 1139 2860 sum,

124 2966 133 2986 ,
179 2911 224 2987 ad
249 2908 498 2990 bibliothecam
527 2911 789 3014 regnicolarum
819 2911 1142 3010 Srr'che'npinncm:

178 3050 440 3151 sapientiffirno
468 3053 650 3140 videlicet
687 3055 865 3151 consilio,
906 3071 946 3133 et
971 3052 1144 3134 infucato

180 3194 220 3274 iu
242 3192 399 3294 patriam
424 3192 566 3291 studio,
590 3215 693 3272 novo
719 3194 864 3295 prorsus
888 3213 928 3274 et
951 3166 1147 3272 eminenti

179 3331 296 3412 landis
311 3336 503 3436 exemplo,
516 3335 726 3433 collectam,
744 3335 862 3414 ufibus
873 3333 1031 3434 publicis
1051 3360 1148 3412 con-

181 3476 361 3558 sectatam
383 3497 424 3584 et
448 3494 627 3579 apertam.
647 3477 768 3564 Nihil
791 3476 905 3556 estin
927 3476 1031 3556 omni
1050 3481 1148 3556 hoc·

186 3641 230 3698 ce
256 3619 452 3717 Instituto,
486 3623 584 3728 quod
610 3647 686 3703 non
721 3623 765 3702 ad
792 3597 996 3704 utilitatem
1021 3620 1150 3724 publi·

632 3733 635 3744 ¹
981 3789 1092 3864 cam,
