2412 4282
368 164 801 324 sannanilo's
904 201 1049 342 ,lxxttt

90 435 274 526 ventibus¹
292 429 575 510 latifundiorun'r
612 429 768 532 amplis,
803 430 980 515 industria
1007 445 1055 517 et'

72 547 245 680 ¹sapienti
266 551 492 658 oeconomia
516 575 631 656 auctis
653 567 868 676 provisum,
896 598 936 658 et
956 581 1049 662 nati-

57 763 58 768 *
95 718 314 819 vitate'sua,
342 741 383 799 et
405 719 537 800 officiis
557 722 596 800 in
618 719 806 820 republica
833 732 919 802 c'u'm
938 709 1053 806 lauda<

94 869 204 970 gellis
229 864 424 979 *eminenti
455 869 539 944 loco
567 860 749 990 ppfitum‘,
786 865 826 944 in
852 867 1051 952 itineribus

89 997 158 1094 luis
180 1037 252 1114 per
274 1011 491 1112 praecipuas
509 1005 681 1109 Europae
694 1008 841 1111 plagas,
864 1035 961 1089 mox
975 1012 1052 1113 prii·

86 1175 197 1256 vato,
219 1181 314 1234 mox
340 1153 604 1264 vero-publico
625 1157 795 1234 Statuam
817 1172 858 1232 et
878 1141 1053 1236 oossness

85 1304 150 1406 gni
178 1302 339 1380 nomine
372 1299 549 1402 susceptis
583 1299 719 1402 ubique
747 1301 790 1376 ad
814 1294 1052 1384 literaturam

84 1448 233 1550 patriae
256 1446 467 1542 intentum,
492 1443 533 1522 in
558 1420 706 1544 partem
727 1469 839 1526 corae
858 1445 943 1526 suae
964 1446 1053 1526 lites

84 1591 209 1671 rariae
240 1591 346 1671 viros
368 1584 660 1669 instructiffimos
683 1597 908 1688 vocantem,
941 1588 1052 1671 nullis

84 1738 270 1817 sumtibus
292 1753 534 1844 parcentem,
560 1735 701 1812 nullam
717 1723 1052 1817 accellionislibra'·

81 1881 167 1960 riae
191 1877 443 1983 cujuscunque
463 1873 696 1958 minutiffimi
722 1877 886 1980 opusculi
913 1895 976 1962 ant
995 1878 1053 1958 soz

84 2025 128 2104 lii
149 2028 297 2104 adrem
318 2026 419 2104 suam
439 2023 613 2103 facientis
630 2026 865 2102 occafionem
885 2003 1051 2126 praeter·-

79 2170 384 2250 mittentem.-
416 2169 521 2248 Heu!
549 2186 729 2272 quantum
755 2169 864 2268 saepe
890 2169 1050 2248 literatis

85 2313 132 2390 in
155 2310 277 2416 aliquo
304 2335 411 2412 raro,
436 2283 502 2389 ¹aut
525 2311 564 2392 in
586 2312 664 2392 oris
689 2311 850 2392 remotis
874 2309 1051 2414 impresso

85 2479 209 2557 opere
217 2514 237 2554 ‚,
253 2475 315 2537 aut
327 2457 366 2534 in
384 2453 541 2557 plagulis
564 2456 705 2558 aliquot
718 2455 967 2560 fugientibus,
990 2473 1052 2538 aut

84 2601 128 2680 in
155 2591 260 2681 terta
284 2600 406 2704 aliqua
432 2601 560 2702 operis
587 2599 757 2679 editione
778 2602 966 2682 momenti
986 2627 1053 2704 po·

82 2747 199 2824 fitam
224 2745 301 2822 est!
339 2745 539 2845 reperient
565 2771 664 2826 nunc
688 2747 911 2850 plerumque
933 2746 974 2826 in
998 2747 1052 2826 bi·

83 2890 278 2970 bliotheca
301 2889 606 2992 Szeclrenyiana,
633 2892 732 2993 qnod
758 2909 960 2993 quaerunt3
987 2891 1051 2970 sed
1083 2971 1086 2989 ,

80 3053 188 3116 tanto
215 3013 400 3136 gratiores
422 3034 460 3112 se
480 3057 548 3134 pro
570 3035 636 3114 ulu
657 3037 776 3113 hocce
792 3036 1051 3135 praestabunt,

84 3197 228 3283 quanto
251 3177 373 3279 magis
394 3175 630 3258 difficultates
644 3179 683 3256 in
708 3177 962 3275 comparandis
983 3177 1053 3258 hiso

80 3348 129 3402 ce
151 3323 260 3402 libris
287 3312 350 3404 aut
373 3323 507 3410 libellis
533 3341 573 3400 et
595 3313 699 3402 foliis
720 3320 848 3400 obvias
879 3323 1048 3401 noscunt

78 3465 248 3570 Zlmafeo
270 3467 321 3544 od
338 3481 553 3548 momentum
574 3440 741 3546 artemam.
782 3468 909 3546 Excel'
968 3519 969 3522 κ

70 3635 162 3698 mus
185 3611 442 3696 bibliothecae
465 3611 573 3712 hujus
596 3609 770 3692 conditor
801 3623 856 3711 pn
