2412 4282
375 221 762 338 PRAEFATIO.
969 251 1047 353 ψ

90 423 244 519 thecae,
274 431 316 497 et
330 412 799 498 bibliothecariorumcum
822 443 940 503 annua
955 445 1045 524 pen·
1118 501 1126 514 ‚

89 568 185 643 lione
204 561 550 642 constituendorum
565 562 660 650 haud
674 562 874 644 declinent
887 613 939 635 --
962 569 1045 650 Alii

91 707 327 787 bibliothecas
350 707 428 786 suas
450 703 697 806 suppellectili
714 705 884 790 librariae
902 711 1044 796 institu-

93 848 291 946 tialicujus
319 848 477 930 literarii
514 867 578 928 aut
603 850 754 952 collegii
784 855 1044 964 eeclesiastico.

85 1019 164 1075 rum
185 994 367 1074 uniendas
390 996 585 1095 praeclare
615 994 837 1094 disposuere.
872 1000 981 1078 Nulla
1004 1001 1045 1082 iu

81 1137 292 1236 hujusmodi
324 1140 460 1217 casibus
488 1139 615 1217 locum
638 1138 775 1218 habere
797 1144 918 1242 potest
942 1148 1045 1228 erista

80 1271 127 1352 ἑ-
153 1283 276 1362 libera
311 1287 354 1365 lit
378 1283 515 1386 cuique
541 1279 727 1383 possessori
757 1286 804 1364 de
829 1288 933 1367 libris
959 1321 980 1379 a
1002 1295 1043 1374 se

79 1431 249 1510 collectis
275 1453 344 1530 pro
370 1434 468 1510 bono
497 1431 643 1532 publico
676 1434 881 1535 dispositio:
908 1445 1042 1542 gradus
1103 1497 1109 1504 -

75 1595 207 1669 tamen
216 1575 404 1674 utilitatis,
426 1579 595 1679 adeoque
610 1578 724 1656 etiarn
738 1581 869 1680 laudis,
888 1583 1040 1687 semper

75 1691 163 1804 inde
190 1725 409 1804 metiendus
432 1723 529 1820 erit,
556 1739 683 1802 utrum
706 1724 865 1822 amplior
890 1745 929 1802 et
951 1725 1043 1804 saci⁴

75 1871 170 1968 lior,
205 1867 270 1955 vel
302 1863 509 1943 restrictior
536 1883 576 1943 et
602 1859 790 1940 difficilior
825 1860 1040 1960 hujusmodi
1130 1853 1132 1859 ’

74 2009 324 2091 bibliothecae
346 2010 428 2088 usus
445 2007 599 2086 eruditis
626 2027 667 2084 et
681 2006 965 2093 lecturientibus
979 2013 1040 2091 ad.

73 2153 196 2236 missus
216 2154 366 2234 fuerit?
394 2155 457 2234 Sic
477 2175 557 2256 egr.
571 2121 715 2248 'tnajori
730 2152 854 2233 fructu
878 2172 918 2231 et
927 2157 1041 2235 laude
1078 2149 1080 2152 ’

72 2299 319 2382 collocabitur
338 2297 560 2380 bibliotheca
573 2297 785 2395 hujusmodi
799 2298 838 2376 in
859 2301 951 2379 urbe
974 2298 1039 2380 ali·
1129 2378 1132 2397 ,

72 2474 144 2552 qua
162 2449 385 2551 praecipua,
413 2448 556 2528 exteris
569 2466 611 2527 et
630 2448 867 2549 popularibus
889 2449 1036 2550 pervia,
1098 2549 1101 2562 Ι

67 2621 182 2699 quam
206 2599 248 2678 in
269 2603 360 2680 urbe
384 2599 508 2679 minus
534 2597 766 2700 populosa,
755 2623 794 2676 m
817 2601 953 2700 angulo
971 2623 1031 2677 re
1046 2621 1050 2646 ’-

64 2745 133 2846 gni
157 2747 248 2843 fita,
276 2761 316 2824 et
338 2746 380 2822 ab
407 2742 549 2822 exteris
573 2763 623 2822 et
642 2742 877 2844 popularibus
901 2765 1034 2844 parum

64 2889 323 2995 frequentata.
365 2877 449 2973 an
470 2890 638 2970 infimam
662 2893 810 2972 laudem
836 2906 1037 2991 reportare

64 3034 270 3128 videretur
295 3035 410 3116 etiam
430 3036 527 3134 ille,
546 3035 608 3140 qui
632 3013 894 3126 bibliothecam
916 3027 1033 3130 publi

64 3176 121 3255 cis
145 3182 269 3258 usibus
291 3181 545 3278 consecraret,
571 3181 621 3258 iu
636 3149 840 3260 Tusculano
862 3174 985 3277 aliquo
1008 3198 1030 3252 a

63 3315 134 3394 via
156 3319 288 3420 regia,
309 3339 391 3402 aut
415 3350 435 3401 a
460 3343 591 3432 ceptro
617 3322 727 3424 regui
751 3319 844 3398 haud
868 3321 1031 3398 multum

59 3458 214 3560 diffito,
240 3463 280 3540 in
300 3487 372 3566 quo
391 3466 545 3546 eruditis
565 3465 651 3545 illuc
671 3465 907 3566 (praesertim
932 3479 1030 3538 tem·

55 3625 162 3702 pore
198 3603 375 3692 seriarum
405 3610 725 3710 scholasticarum,
762 3627 824 3691 aut
852 3625 1031 3704 tempore

513 3756 547 3856 )(
565 3755 649 3856 )(a
838 3747 975 3844 ueniae
