2412 4282
178 265 207 336 ι
370 259 377 270 “
457 214 857 364 uutuuauto.

175 419 451 546 Trauffilvan'a‚
486 447 532 533 tle
565 443 709 546 mappis
736 442 993 542 comitamum
1017 445 1142 522 Gorb-

173 591 294 698 gianis
321 611 361 672 et
376 594 423 672 de
447 590 587 676 ceteris
614 589 755 692 multis,
782 588 938 696 quaein
962 606 1141 710 meutem

174 739 392 824 veniebant.
445 739 648 831 Mouebaut
681 734 816 834 amici,
862 760 938 814 non
970 753 1140 834 praeter·

174 882 739 971 eundamfuiffessittiotuscm
753 883 901 984 utstylo
911 879 1140 986 Dieasterio·

98 1019 106 1048 ⁸
170 1054 257 1112 rum
278 1049 450 1130 vocatur,
476 1031 740 1134 regnicolarum
761 1027 1069 1129 taleam-ianam.
1083 1069 1140 1086 -

168 1175 275 1282 Hanc
303 1173 478 1278 quidem,
503 1175 676 1278 (reposui
700 1174 855 1275 amicis,
872 1177 954 1273 ¹hoc
976 1197 1138 1254 mouen-

168 1319 284 1418 tibus)
307 1318 443 1398 ultimo
462 1322 546 1404 loco
569 1341 874 1402 commemorate
894 1319 982 1400 ideo
1004 1319 1135 1420 volui,

167 1483 210 1544 ut
233 1487 298 1542 me
326 1467 373 1544 de
399 1467 534 1548 eadem
552 1469 734 1572 prolixius
759 1462 957 1562 differem,
984 1464 1136 1544 seuten-

165 1606 334 1716 tiamque
369 1611 535 1714 pluribus
571 1615 810 1714 depromete.
830 1609 1037 1714 patiamini.
1086 1609 1131 1692 Si

165 1751 255 1856 quid
268 1755 396 1846 enim3
421 1779 528 1840 certe
546 1757 769 1840 bibliotheca
777 1761 915 1839 haecce
927 1754 1069 1860 iuligne
1086 1771 1131 1834 et

99 1891 102 1896 ’
163 1899 398 1982 luculentum
424 1905 479 1982 est
494 1899 803 1984 Excellentiffimi
834 1929 876 1984 ae
899 1895 1130 1984 Illustrillimi

162 2047 213 2127 D.
235 2047 394 2128 Comitis
417 2051 544 2130 Franc.
568 2047 780 2151 sztchtnyi
805 2041 1070 2151 flagrantiffimi
1085 2059 1131 2124 et

161 2193 319 2293 fineeri,
346 2198 388 2274 ab
411 2193 515 2274 omui
532 2177 794 2276 'ostentationis
818 2213 859 2274 et
871 2189 1045 2274 vanitatis
1057 2213 1132 2270 uo·-

156 2353 199 2418 ta
223 2338 365 2417 remoti
394 2339 434 2418 in
468 2338 627 2442 patriam
660 2341 812 2422 affectus
838 2341 1126 2422 documentum.

48 2492 51 2502 ’
161 2481 299 2587 Omnia
322 2482 426 2562 enim
446 2483 485 2564 in
504 2483 672 2571 instituto
687 2483 933 2566 bibliothecae
951 2481 1061 2582 hujus
1078 2485 1127 2564 ad

157 2639 272 2730 'quam
297 2631 502 2709 maximam
526 2633 670 2710 realem
699 2648 739 2710 et
765 2629 919 2710 solidam
944 2628 1127 2710 eruditio·

156 2770 216 2849 nis
239 2773 382 2873 patriae
404 2775 689 2880 promotionem
707 2795 919 2876 comparata
937 2775 1034 2874 sunt,
1056 2799 1128 2862 ne-

157 2939 340 3022 quaquam
365 2945 462 3002 vero
489 2923 533 3000 ad
548 2943 728 3024 pompam
752 2939 794 3001 et
811 2919 1127 3002 ostentationem.

98 3030 111 3056 x
153 3062 365 3166 Patiamiui,
390 3068 552 3170 quaeso,
575 3064 756 3168 me‚·qui
781 3063 1000 3182 praecipuas
1025 3068 1125 3145 Ger-

30 3195 32 3200 ’
154 3207 330 3310 maniae,
361 3210 576 3314 Huugariae
600 3230 641 3290 et
661 3205 952 3292 Ttanffilvauiae
966 3207 1066 3290 vidit
1080 3229 1127 3294 et

32 3456 43 3480 ΙΙ
153 3349 313 3432 sollicite
349 3359 586 3456 perlustravit
620 3353 880 3456 bibliothecas,
920 3376 1126 3459 argumen.

153 3509 234 3574 tum
255 3499 326 3577 hoc
349 3523 419 3602 per
448 3503 585 3606 fillgtlla
603 3493 787 3614 ⁸‘persequi
812 3497 944 3602 capita.
1080 3604 1086 3615 ι

933 3759 1061 3891 Appe-
