2388 4278
399 301 678 386 FRl-FUC.
923 331 997 418 197
1111 301 1115 306 ⁵

99 486 271 591 gehandelt
289 486 357 563 und
371 487 564 593 auffgericht
578 493 732 573 worden.
759 495 925 574 Gedruckt
938 505 987 576 im
1023 565 1030 584 ,
1164 551 1165 572 t

98 616 166 700 Jahr
191 620 281 703 1627.
308 619 344 686 in
370 631 402 705 43
426 611 488 691 iol.
512 642 544 706 4.
777 627 782 630 ’
971 603 974 610 ⁴
1164 585 1165 604 .

57 732 253 810 Fmscrrunr
278 741 465 812 N1couarn1
487 785 539 801 -
564 739 762 838 Panegyrici
786 759 847 812 tres
864 741 905 812 de
920 746 988 816 lau-

97 857 183 932 dibus
203 865 246 934 D.
256 865 300 934 D.
315 864 577 952 Maxaemyliani
590 865 627 933 ll.
644 883 675 933 et
691 862 859 962 ltudolph'i
874 869 914 936 Il.
927 885 987 940 etc.

96 985 324 1058 Romanorum
343 989 449 1081 impp.
469 1003 530 1056 etc.
553 987 668 1086 Hung.
692 991 836 1086 Regum.
859 989 988 1062 Tubin·

94 1131 149 1206 gae
171 1105 259 1206 apud
280 1112 373 1178 Alex.
397 1110 579 1180 Hockium.
601 1133 685 1202 1577·
712 1113 745 1181 in
766 1137 796 1201 4.
816 1106 877 1184 fot.
898 1119 953 1203 46.

54 1225 199 1302 Fulmen
224 1235 380 1303 Davmrs
403 1232 596 1306 Mathemat.
617 1228 988 1334 Caesareopolitani.·-

92 1352 242 1462 Medplia
275 1355 504 1452 Geographiae
534 1357 692 1452 practicae
710 1361 988 1456 peregrinantium

93 1478 255 1575 imprimis
287 1469 380 1559 usui,
425 1473 545 1546 deinde
573 1475 789 1551 Historiarum
820 1500 852 1550 et
879 1507 989 1554 rerum
1014 1479 1039 1513 ⁸

94 1599 157 1670 hoc
177 1615 333 1698 tempore
356 1596 618 1686 bellimfiffimo,
647 1599 809 1700 gell-arum
831 1602 990 1699 gerenda.

93 1747 234 1822 rutnque
258 1724 399 1821 pleniori
420 1725 608 1821 cognitioni
635 1722 918 1799 accommodatae.
938 1771 990 1786 .-

91 1849 302 1920 concinnata
336 1849 370 1916 in
403 1843 620 1916 Prodtomum
646 1840 719 1917 suae
747 1847 990 1934 Bibliothecae,
1034 1897 1041 1913 .

93 1995 129 2041 ac
148 1962 342 2063 Cynosurae
364 1971 653 2068 Peregrinantiam.
682 1971 793 2066 Typis
820 1963 993 2038 Bartfenfi·

93 2091 149 2165 bus
173 2097 265 2186 1639.
288 2095 322 2162 in
342 2107 373 2174 8.
393 2089 510 2163 Dedic.
527 2110 557 2161 et
570 2085 703 2165 Praefat.
716 2087 776 2164 fol.
788 2109 841 2174 28.
855 2095 990 2191 Proleg.

93 2238 171 2320 pag.
204 2239 248 2304 31.
281 2209 347 2313 ipsa
370 2197 528 2287 medulla.
555 2240 630 2315 pag.
656 2239 724 2305 413.
752 2235 879 2313 praeter
902 2212 993 2286 [ndi-

96 2365 167 2410 cem
189 2342 345 2440 longum.

53 2456 245 2535 Fnunnurr
275 2465 526 2534 Cnmsaranus
557 2455 922 2558 Leutschovia·Hung.
943 2504 994 2526 -

95 2584 387 2658 Immortalitatem
412 2589 593 2656 animarum
613 2609 652 2654 ex
674 2581 789 2677 justitia
818 2581 994 2655 divinade·

94 2713 231 2781 nivatam
256 2703 404 2804 Praelide
425 2712 502 2781 Em.
518 2705 917 2778 ChristianoSchroedero
930 2721 995 2781 etc.

97 2829 136 2902 ad
157 2835 357 2931 ampliorem
384 2829 597 2902 Eruditorum
613 2828 872 2928 disquisitionem
888 2829 998 2926 publi·

97 2979 134 3025 ce
158 2973 325 3054 proponet
349 2949 580 3049 (Defendente
595 2952 727 3024 Andrea
743 2949 915 3043 Simonide
929 2953 997 3020 Go-

95 3083 230 3150 miirino
253 3123 265 3138 -
288 3074 471 3149 Padarienfi
494 3123 506 3137 -
527 3077 712 3176 Hnngaro)
732 3079 997 3170 Wittenbergae.
1088 3113 1092 3122 ·

93 3201 207 3299 Typit
235 3201 311 3288 Joh.
332 3197 448 3272 Christ.
470 3196 732 3272 Tzschicdrichii
757 3203 791 3268 in
807 3221 837 3285 4.
855 3217 925 3292 pag.
943 3199 1000 3282 64.
1119 3182 1123 3190 ⁵

52 3315 164 3394 Facias
201 3326 296 3410 Joan
326 3327 460 3396 Corona
484 3320 664 3413 Transylv.
691 3357 742 3382 -α-
767 3321 885 3406 Juveni
909 3321 1001 3387 Prae.

95 3450 222 3517 eximio
245 3464 307 3520 ete.
333 3429 482 3520 Martino
505 3449 689 3519 Albrichtio
713 3437 878 3513 Medienst
892 3436 1001 3509 Tran-

95 3561 235 3656 sylvano
259 3573 453 3670 Supremam
470 3575 506 3643 iu
517 3563 726 3666 Philolophia
739 3568 900 3637 Lauream
914 3561 1002 3630 Wit-
1085 3671 1087 3678 Α

903 3703 952 3757 ie·
